%ATENCAO: INCLUDIR QUEM E *QUANDO* (MES/ANO) INSERIU !! 

@manual{AAP1986,
   title =        {Arterial Analysis Package - User's Manual},
   organization = {Transportation Research Center},
   address =      {University of Florida, Gainesville, Fla},
   year =         {1986},
   note =         {54 pp}
}

@techreport{Abbink+1997,
   author =      {Abbink, K. and Irlenbusch, B. and Renner, E.},
   title =       {The Moonlighting Game - An Experimental Study on Reciprocity and Retribution},
   institution = {University of Bonn},
   year =        {1997},
   type =        {Discussion Paper},
   number =      {B--415},
   note =        {SFB--303}
}

%%Denise 15/06/05
@inproceedings{Abdallah+2002,
   author =    {Abdallah, Sherief and Darwish, Nevin and Hegazy, Osman},
   title =     {Monitoring and Synchronization for Teamwork in {GPGP}},
   booktitle = {Proceedings of the ACM Symposium on Applied Computing},
   pages =     {288--293},
   year =      {2002}
}

%Denise 12/2009
@inproceedings{Abdallah&Lesser2006,
  author    = {Sherief Abdallah and Victor Lesser},
  title     = {Learning the Task Allocation Game},
  booktitle = {Proceedings of the Fifth International Joint Conference on Autonomous Agents and Multi-Agent Systems (AAMAS06)},
  publisher = {New York: ACM Press},
  pages     = {850--857},
  year      = {2006},
  address   = {Hakodate, Japan}
}

%mariana marco 2012
@article{Abe2004,
	title 	= {{Tsallis} entropy: how unique?},
	author 	= {S. Abe},
	journal = {Continuum Mechanics and Thermodynamics},
	pages 	= {237--244},
	volume 	= {16},
	number	= {3},
	year 	= {2004},
	doi 	= {10.1007/s00161-003-0153-1},
}

%Denise 10/2005
@TechReport{Aberdeen2003,
    author =      {Douglas Aberdeen},
    title =       {A (Revised) Survey of Approximate Methods for Solving Partially Observable Markov Decision Processes},
    institution = {National ICT Australia, Canberra, Austalia},
    year =        {2003},
    note =        {Tecnical Report}
}                                              

@article{Abramovice&Breuer1980,
   author =  {Abramovice, M. and Breuer, M.},
   title =   {Multiple Faults Diagnosis in Combinational Circuits Base on Effect-Cause Analysis},
   journal = {IEEE Transactions on Computers C},
   year =    {1980},
   volume =  {29},
   number =  {6},
   pages =   {451--460},
   note =    {New York}
}

@article{Abramson&Kuperman2001,
   author =  {Abramson, G. and Kuperman, M.},
   title =   {Social Games in a Social Network},
   journal = {Physical Review E},
   year =    {2001},
   volume =  {63}
}

% ana set 12
@INPROCEEDINGS{Achrekar+2011,
author={Achrekar, H. and Gandhe, A. and Lazarus, R. and Ssu-Hsin Yu
and Benyuan Liu},
booktitle={Computer Communications Workshops (INFOCOM WKSHPS), 2011 {IEEE} Conference on},
title={Predicting Flu Trends using Twitter data},
year={2011},
month={april},
pages={702--707},
doi={10.1109/INFCOMW.2011.5928903},
} 

@mastersthesis{Adamatti2001,
   author =  {Diana Francisca Adamatti},
   title =   {Estudo Comparativo de Ambientes de Simula\c c\~ao Baseados em Agentes},
   school =  {Instituto de Inform\'atica, UFRGS},
   year =    {2001},
   address = {Porto Alegre},
   type =    {Trabalho Individual (Mestrado em Ci\^encia da Computa\c c\~ao)}
}

% TOYAMA
@book{Adami1998,
   author =    {Adami, C.},
   title =     {Introduction to artificial life},
   year =      {1998},
   isbn =      {0-387-94646-2},
   publisher = {Springer-Verlag New York, Inc.}
}

% TOYAMA
@article{Adler&Blue1998,
   author =  {Adler, J. L. and Blue, V. J.},
   title =   {Toward the Design of Intelligent Traveller Information Systems},
   journal = {Transportation Research Part C},
   year =    {1998},
   volume =  {6},
   pages =   {157--172}
}

% TOYAMA
@InCollection{Adler&Blue2000,
   author =    {Adler, J. L. and Blue, V. J.},
   title =     {Cellular Automata Model Of Emergent Collective Bi-Directional Pedestrian Dynamics},
   booktitle = {Artificial Life VII},
   year =      {2000},
   volume =    {VII},
   pages =     {437--445},
   editor =    {McCaskill, John S. and Packard, Norman H. and Rasmussen, Steen},
   publisher = {MIT Press}
}

% TOYAMA
@inproceedings{Adler&Blue2002,
   author =    {Adler, J. L. and Blue, V. J.},
   title =     {Flow Capacities from Cellular Automata Modeling of Proportional Splits of Pedestrian by Direction},
   booktitle = {Pedestrian and Evacuation Dynamics},
   year =      {2002},
   isbn =      {3-540-42690-6},
   pages =     {115--121},
   location =  {K\"oln, Germany},
   editor =    {M. Schreckenberg and S. Deo Sharma},
   publisher = {Springer-Verlag New York}
}

%mariana junho 2012
@inproceedings{Adler1993, 
  author={Adler, D.}, 
  title={Genetic algorithms and simulated annealing: a marriage proposal}, 
  booktitle={IEEE International Conference on Neural Networks}, 
  year={1993}, 
  volume={2}, 
  number={}, 
  pages={1104--1109}, 
  doi={10.1109/ICNN.1993.298712}, 
  ISSN={},
}

% Monireh - 07/2011 
% falta numero no volume
@Article{Adler+2005,
  author =       {Adler, J.L. and Setapathy, G. and Manikonda, V. and Bowles, B. and Blue V.J.},
  title =        {A multi-agent approach to cooperative traffic management and route guidance},
  journal =      {Transportation Research Part B},
  volume =       {39},
  year =         {2005},
  pages =        {297--318},
}


% Fabiana - 02/06/2008
@article{Adomavicius&Tuzhilin2005,
 author = {Gediminas Adomavicius and Alexander Tuzhilin},
 title = {Toward the Next Generation of Recommender Systems: A Survey of 
the State-of-the-Art and Possible Extensions},
 journal = {IEEE Transactions on Knowledge and Data Engineering},
 volume = {17},
 number = {6},
 year = {2005},
 pages = {734--749},
 publisher = {IEEE Educational Activities Department},
 address = {Piscataway, NJ, USA},
 url = {./papers/state-of-the-art-2005.pdf}
 }

% Fernando, 03/2009
@inproceedings{Agassounon&Archerio2002,
   author =    {Agassounon, William and Martinoli, Alcherio},
   title =     {Efficiency and robustness of threshold-based distributed allocation algorithms in multi-agent systems},
   booktitle = {Proceedings of the first international joint conference on Autonomous agents and multiagent systems {(AAMAS 2002)}},
   year =      {2002},
   pages =     {1090--1097},
   location =  {Bologna, Italy},
   publisher = {ACM},
   address =   {New York, NY, USA}
}

% ana jan 11
@inproceedings{Aggarwal+2004,
	author = {Aggarwal, Charu C. and Han, Jiawei and Wang, Jianyong and Yu, Philip S.},
	title = {On demand classification of data streams},
	booktitle = {Proceedings of the tenth ACM SIGKDD international conference on Knowledge discovery and data mining},
	series = {KDD '04},
	year = {2004},
	isbn = {1-58113-888-1},
	location = {Seattle, WA, USA},
	pages =	{502--508},
	optnumpages = {6},
	optdoi = {http://doi.acm.org/10.1145/1014052.1014110},
	publisher = {ACM},
	address = {New York, NY, USA},
	optkeywords = {classification, data streams}
}

%Denise 11/2008
@INPROCEEDINGS{Aghazadeh+2008,
  author = {Omid Aghazadeh and Maziar Ahmad Sharbafi and Abolfazl Toroghi Haghighat},
  title = {Implementing Parametric Reinforcement Learning in Robocup Rescue Simulation},
  booktitle = {RoboCup 2007: Robot Soccer World Cup XI},
  year = {2008},
  editor = {R. Goebel and J. Siekmann and W. Wahlster},
  volume = {5001},
  series = {Lecture Notes in Computer Science},
  pages = {409--416},
  publisher = {Springer}
}

% BAZZAN 10/08/2005
@inproceedings{Agogino&Tumer2005,
   author =    {Adrian Agogino and Kagan Tumer},
   title =     {Multi--Agent Reward Analysis for Learning in Noisy Domains},
   booktitle = {AAMAS '05: Proceedings of the 4th International Joint Conference on Autonomous Agents and Multiagent Systems},
   year =      {2005},
   pages =     {81--88},
   editor =    {Frank Dignum and Virginia Dignum and Sven Koenig and Sarit Kraus and Munindar P. Singh and Michael Wooldridge},
   volume =    {II},
   address =   {New York, NY},
   month =     {July},
   publisher = acm
}

%Daniela 06/2008
@inproceedings{Agogino&Tumer2006,
   author =    {Agogino, A. and Tumer, K.},
   title =     {Efficient agent-based cluster ensembles},
   booktitle = {Proceedings of the fifth international joint conference on Autonomous agents and multiagent systems, AAMAS '06},
   year =      {2006},
   isbn =      {1-59593-303-4},
   pages =     {1079--1086},
   location =  {Hakodate, Japan},
   editor =    {Peter Stone and Gerhard Weiss},
   publisher = {ACM},
   address =   {New York, NY, USA}
 }
 
%Daniel marco 09
@inproceedings{Agogino&Tumer2008,
author = {Agogino, Adrian and Tumer, Kagan},
title = {Regulating air traffic flow with coupled agents},
booktitle = {Proceedings of the 7th Int. Conference on Autonomous Agents and Multiagent Systems},
year = {2008},
editor = aamas08eds,
isbn = {978-0-9817381-1-6},
pages = {535--542},
location = {Estoril, Portugal},
publisher = {International Foundation for Autonomous Agents and Multiagent Systems},
address = {Richland, SC},
}

% ana ago 10
@article{Agogino&Tumer2010,
   author = {Agogino, Adrian and Tumer, Kagan},
   title = {A multiagent approach to managing air traffic flow},
   journal = {Autonomous Agents and Multi-Agent Systems},
   publisher = {Springer Netherlands},
   issn = {1387-2532},
   pages = {1--25},
   url = {http://dx.doi.org/10.1007/s10458-010-9142-5},
   note = {10.1007/s10458-010-9142-5},
   year = {2010}
}

@article{Akamatsu2000,
   author =  {Akamatsu, T.},
   title =   {Dynamic Traffic Equilibrium Assignment Paradox},
   journal = trb,
   year =    {2000},
   volume =  {6},
   pages =   {515--531},
   optkey =  {34}
}

%paulo ferreira set 2005
%ana jan. 2006
@article{Akers&Friedman1955,
   author =  {S.B. Akers and J. Friedman},
   title =   {A non-numerical approach to production scheduling problems},
   journal = {Operations Research},
   volume =  {3},
   pages =   {429--442},
   year =    {1955}
}

% mariana mar 2011
@inproceedings{Akutsu+1999,
   author= {Akutsu, T. and Miyano, S. and Kuhura, S.},
   title = { Identification of genetic networks from a small number of gene expression patterns under the boolean network model}, 
   booktitle= { Proceedings of the Pacific Symposium on Biocomputing},
   year = {1999},
   pages = {17--28}
}

%mariana junho/2011
@article{Akutsu+2000,
   author= {Akutsu, T. and Miyano, S. and Kuhara, S.},
   title = {Inferring qualitative relations in genetic networks and metabolic pathways}, 
   journal = {Bioinformatics},
   year = {2000},
   pages = {727--734},
   volume = {16},
   publisher = {Oxford University Press},
}

@incollection{Albert2004,
   author =    {R\'eka Albert},
   title =     {Boolean Modeling of Genetic Regulatory Networks},
   booktitle = {Lecture Notes in Physics},
   publisher = {Springer-Verlag},
   year =    {2004},
   volume = {650},
   pages =   {459--481}
}

%mariana marco/2012
@article{Albert2005,
	author = {R Albert},
	title = {Scale-free networks in cell biology},
	journal = {J Cell Sci},
	volume = {118},
	number = {21},
	year = {2005},
	pages = {4947--4957},
} 
% ana set 10
@Article{Albert&Barabasi2002,
  title = {Statistical mechanics of complex networks},
  author = {Albert, R\'eka  and Barab\'asi, Albert-L\'aszl\'o },
  journal = {Rev. Mod. Phys.},
  volume = {74},
  number = {1},
  pages = {47--97},
  numpages = {50},
  year = {2002},
  month = {Jan},
  doi = {10.1103/RevModPhys.74.47},
  publisher = {American Physical Society}
} 

@article{Al-Deek+1998,
   author =  {Al-Deek, H. M. and Khattak, A. J. and Thananjeyan, P.},
   title =   {A Combined Traveler Behavior and System Performance Model with Advanced Traveler Information Systems},
   journal = tra,
   year =    {1998},
   volume =  {32},
   number =  {7},
   pages =   {479--493},
   month =   {September}
}

% ana mar 11
@misc{Alexander2002,
  title = {Random Boolean Networks and Evolutionary Game Theory},
  author = {J. McKenzie Alexander},             
  note = {http://philsci-archive.pitt.edu/1049/},
  year = {2002},
}

@InCollection{Alferes&Pereira1996, 
   author =    {Alferes, J. J.  and Pereira, L. M. }, 
   title =     {Reasoning with Logic Programming}, 
   series=     {Lect. Notes in Computer Science}, 
   year=       {1996}, 
   publisher = {Springer-Verlag}, 
   number =    {1111} 
} 

%paulo ferreira feb 2006
@inproceedings{Ali+2005,
   author =    {Syed Ali and Sven Koenig and Milind Tambe},
   title =     {Preprocessing techniques for accelerating the DCOP algorithm ADOPT},
   booktitle = {Proceedings of the Fourth International Joint Conference on Autonomous Agents and MultiAgent Systems},
   year =      {2005},
   pages =     {1041--1048},
   location =  {The Netherlands},
   publisher = {ACM Press},
   address =   {New York, NY, USA}
}

%LEONARDO
@Article{Alker1974,
   author  =  {Alker Jr, Hayward R. },
   title   =  {Computer Simulations: Inelegant Mathematics and Worse Social Science?},
   journal =  {International Journal of Mathematical Education in Science and Technology},
   year =     {1974},
   volume =   {5},
   number =   {2},
   OPTpages = {139--155},
   month =    {April-June}
}

@article{Allsop&Charlesworth1977,
   author =  {Allsop, R.E. and Charlesworth, J.A.},
   title =   {Traffic in a Signal Controller Network: An Example of Different Signal Timings Inducing Different Routing},
   journal = {Traffic Eng. and Control},
   year =    {1977},
   volume =  {18},
   pages =   {262--264}
}

% fabiana - 02/06/2008
@article{AlNazer&Helmy2007,
author = {Ahmed Al-Nazer and Tarek Helmy},
title = {A Web Searching Guide: Internet Search Engines and Autonomous 
Interface Agents Collaboration},
journal = {wi-iatw},
volume = {0},
year = {2007},
isbn = {0-7695-3028-1},
pages = {424-428},
publisher = {IEEE Computer Society},
address = {Los Alamitos, CA, USA}
}

% fabiana - 02/06/2008
@inproceedings{Althebyan&Hexmoor2005,
  author    = {Qutaibah Althebyan and Henry Hexmoor},
  title     = {A New Parameter for Maintaining Consistency in an Agent's 
Knowledge Base Using Truth Maintenance Systems},
  booktitle = {WRAC},
  year      = {2005},
  pages     = {53--64}
}

%mariana ago 2011 (do antigo bioinfo.tex)
@article{ Altschul+1990,
 AUTHOR = { Altschul, S. F.  and Gish, W.  and Miller, W.  and Myers, E. W.  and Lipman, D. J. },
 TITLE = {Basic local alignment search tool},
 JOURNAL = {J. Mol. Biol.},
 VOLUME = {215},
 PAGES = {403--410},
 YEAR = {1990},
}

%mariana ago 2011 (do antigo bioinfo.tex)
@article{ Altschul+1997,
 AUTHOR = {Altschul, S. F.  et al },
 TITLE = {Gapped {BLAST} and {PSI-BLAST}: a new generation of protein database search programs},
 JOURNAL = {Nucleic Acids Research},
 VOLUME = {25},
 PAGES = {3359--3402},
 YEAR = {1997},
}

%mariana ago 2011 (do antigo bioinfo.tex)
@article{ Amanfu+1984, 
 AUTHOR = {Amanfu, W. and Weng, C. N. and Ross, R. F. and Barnes, H. J.}, 
 TITLE = {Diagnosis of mycoplasmal pneumonia of swine: sequential study by direct immunofluorescence}, 
 JOURNAL = {Am. J. Vet. Res.}, 
 VOLUME = {45}, 
 PAGES = {1349--1352}, 
 YEAR =	{1984}, 
} 

% fabiana - 02/06/2008
@article{Ambite+2005,
 author = {Jose Luis Ambite and Craig A. Knoblock and Maria Muslea and Steven Minton},
 title = {Conditional Constraint Networks for Interleaved Planning and Information Gathering},
 journal = {IEEE Intelligent Systems},
 volume = {20},
 number = {2},
 year = {2005},
 pages = {25--33},
 publisher = {IEEE Educational Activities Department},
 address = {Piscataway, NJ, USA},
}

%Daniela 05/2007
@book{Anderberg1973,
   author =    {Anderberg, M. R.},
   publisher = {Academic Press},
   title =     {Cluster Analysis for Applications},
   address =   {New York},
   year =      {1973},
   pages =     {359}
}

@article{Anderson&Ratnieks1999,
   author =  {Anderson, Carl and Ratnieks, Francis L. W.},
   title =   {Task Partitioning in Insect Societies ({I}): Effect of Colony Size on Queueing Delay and Colony Ergonomic Efficiency},
   year =    {1999},
   journal = {The American Naturalist},
   month =   {November},
   volume =  {154},
   pages =   {521--535},
   url =     {http://citeseer.nj.nec.com/179305.html},
   number =  {6}
}

%mariana ago 2011 (do antigo bioinfo.tex)
@article{ Andrade+1997, 
 AUTHOR = {Andrade, M. and Casari, G. and de Daruvar, A. and Sander, C. and Schneider, R. 	   Tamames, J. and Valencia, A. and Ouzounis, C.}, 
 TITLE = {Sequence analysis of the {\emph{Methanococcus jannaschii}} genome and the prediction of protein 
          function}, 
 JOURNAL = {Comput Appl Biosci}, 
 VOLUME = {13}, 
 PAGES = {481--483}, 
 YEAR = {1997}, 
} 

%mariana ago 2011 (do antigo bioinfo.tex) 
@article{ Andrade+1999, 
 AUTHOR = {Andrade, M. A. and Brown, N. P. and Leroy, C.  and Hoersch, S. and de Daruvar, A. and Reich, C. and Franchini, A. and Tamames, J. and Valencia, A. and Ouzounis, C. and Sander, C.}, 
 TITLE = {Automated genome sequence analysis and annotation}, 
 JOURNAL = {Bioinformatics}, 
 VOLUME = {15}, 
 PAGES = {391--412}, 
 YEAR =	1999 
} 
 
%mariana ago 2011 (do antigo bioinfo.tex)
@InCollection{Andrade2001, 
  author = 	 {Andrade, M. A.}, 
  title = 	 {Tools for automated protein annotation}, 
  booktitle = 	 {Protein Sequence Analysis in the Genomic Post-Era}, 
  editor = 	 { Casadio, R. and Masotti,  L. }, 
  publisher = {Clueb}, 
  address = 	 {Bologna, Italy}, 
  year = 2001 
} 

% ana ago 10
@InProceedings{Andriotti&Kluegl2006,
  author    = {G. K. Andriotti and F. Kl{\"u}gl},
  title     = {Agent-Based Simulation Versus Econometrics - from Macro-               to Microscopic Approaches in Route Choice Simulation},
  editor    = {K. Fischer and I. J. Timm and E. Andr{\'e} and   N. Zhong},
  booktitle = {4th German Conference on Multiagent System Technologies
               2006, Erfurt, Germany, Sept, 2006},
  year      = {2006},
  pages     = {61-72},
	}

% mariana mar. 2011
@inproceedings{Ando&Iba2001,
   author= {Ando, Shin and Iba, Hitoshi},
   title = {Inference of Gene Regulatory Model by Genetic Algorithms}, 
   booktitle= { Proceedings of the 2001 IEEE Congress on Evolutionary Computation},
   publisher = {IEEE CS},
   year = {2001},
   pages = {712--719}
}

%denise 10.2006
@inproceedings{Ando+2006,
   title =     {Performance of Pheromone Model for Predicting Traffic Congestion},
   author =    {Yasushi Ando and Shinichi Honiden and Osamu Masutani and Yoshiaki Fukazawa and Hirotoshi Iwasaki},
   booktitle = {Proceedings of the Fifth International Joint Conference on Autonomous Agents and Multiagent Systems (AAMAS'06)},
   editor =    {Peter Stone and Gerhard Weiss},
   month =     {May},
   year  =     {2006},
   address =   {Hakodate, Hokkaido, Japan},
   pages =     {73--80}
}

%% Bruno - 25/09/06
@inproceedings{Andre&Russell2002,
   author =    {David Andre and Stuart J. Russell},
   title =     {State Abstraction for Programmable Reinforcement Learning Agents},
   booktitle = {Eighteenth National Conference on Artificial intelligence},
   year =      {2002},
   pages =     {119--125},
   location =  {Edmonton, Alberta, Canada},
   publisher = {American Association for Artificial Intelligence},
   address =   {Menlo Park, CA, USA}
}

%Denise (06/2005)
@mastersthesis{Andriotti2001,
   author =  {Andriotti, Gustavo Kuhn},
   title =   {Implementa\c c\~ao de Ve\'iculo Tracejador para o Simulador do Projeto SISCOT},
   school =  {Instituto de Inform\'atica, UFRGS},
   year =    {2001},
   type =    {Trabalho de Diploma\c c\~ao (Bacharelado em Ci\^encia da Computa\c c\~ao)},
   address = {Porto Alegre}
}

% ana maio 10
@article{Antal+2009,
title={Evolution of cooperation by phenotypic similarity.},
author={Antal, T. and Ohtsuki, H. and Wakeley, J. and Taylor, P.D. and Nowak, M.A.},
journal={Proc Natl Acad Sci U S A},
year={2009}
}

%mariana ago 2011 (do antigo bioinfo.tex)
@Article{Apweiler+2001, 
  author = 	 {R. Apweiler and T. K.Attwood and A. Bairoch and A. Bateman and E. Birney and M. Biswas and P. Bucher and L. Cerutti and F. Corpet and M. D. R. Croning and R. Durbin and L. Falquet and W. Fleischmann and J. Gouzy and H. Hermjakob and N. Hulo and I. Jonassen and D. Kahn and A. Kanapin and Y. Karavidopoulou and R. Lopez and B. Marx and N. J. Mulder and T. M. Oinn and M. Pagni and F. Servant and C. J. A. Sigrist and E. M. Zdobnov}, 
  title = 	 {The {InterPro} database, an integrated documentation resource for protein families, domains and functional sites}, 
  journal = 	 {Nucleic Acids Research}, 
  year = 	 {2001}, 
  volume =	 {29}, 
  number =	 {1}, 
  pages =	 {37--40}, 
  OPTmonth = 	 {}
} 

%mariana ago 2011 (do antigo bioinfo.tex)
@article{Apweiler+2004,
  author = {Apweiler, R. and Bairoch, A. and Wu, C.},
  title = {Protein sequence databases},
  journal = {Current Opinion in Chemical Biology},
  volume = {8},
  pages = {76--80},
  year = {2004}
}

%Fabiana, 12/03/2008, adicionado por Fernando
@article{Ardissono+2003,
   author =  {Liliana Ardissono and Anna Goy and Giovanna Petrone and Marino Segnan and Pietro Torasso},
   title =   {INTRIGUE: Personalized Recommendation of Tourist Attractions for Desktop and Handset Devices},
   journal = {Applied Artificial Intelligence: Special Issue on Artificial Intelligence for Cultural Heritage and Digital Libraries},
   year =    {2003},
   volume =  {17},
   number =  {8-9},
   pages =   {687--714}
}

% Monireh - 07/2011
% IET ???
@Article{Arel+2010,
  author =       {Arel, I. and Liu, C. and Urbanik, T. and Kohls, A.G.},
  title =        {Reinforcement learning-based multi-agent system for network traffic signal control},
  journal =      {IET Intelligent Transport Systems},
  volume =       4,
  number =       2,
  year =         {2010},
  pages =        {128--135},
}

%daniel 05/09
@INPROCEEDINGS{Arentze&Timmermans2003,
 AUTHOR =       {T. Arentze and H. Timmermans},
 TITLE =        {Representing Mental Maps and Cognitive Learning in Micro-Simulation Models of Activity-Travel Choice Dynamics},
 BOOKTITLE =    {10th International Conference on Travel Behaviour Research, Lucerne, August 2003},
 YEAR =         {2003},
}

%Daniel 05/09
@ARTICLE{Arentze&Timmermans2005,
 AUTHOR =       {T. Arentze and H. Timmermans},
 TITLE =        {Representing mental maps and cognitive learning in micro-simulation models of activity-travel choice dynamics},
 JOURNAL =      {Transportation},
 YEAR =         {2005},
 volume =       {32},
 pages =        {321--340},
}

%Daniel 05/09
@INPROCEEDINGS{Arentze&Timmermans2008,
 AUTHOR =       {T. Arentze and H. Timmermans},
 TITLE =        {ALBATROSS: overview of the model, application and experiences},
 BOOKTITLE =    {Innovation in Travel Modeling 2008 Conference, Portland, June 2008},
 YEAR =         {2008},
}

%Daniel 05/09
@INPROCEEDINGS{Arentze+2008,
 AUTHOR =       {T. Arentze and D. Ettema and H. Timmermans},
 TITLE =        {Incorporating time and income constraints in dynamic agent-based models of activity generation and time use: approach and illustration},
 BOOKTITLE =    {Proceedings of the 5th Workshop on Agents in Traffic and Transportation, at AAMAS 2008, May, 13th, Estoril, Portugal},
 YEAR =         {2008},
 editor =       {A. L. C. Bazzan and F. Kl{\"u}gl and S. Ossowski},
 pages =        {1-10},
}

% Anderson Rocha - 17/04/2012
@techreport{Arfaoui1999,
  title = {Estimation des matrices origine-destination a partir des comptages: etude de quelques modeles},
  author = {Arfaoui, A.},
  institution = {Laboratoire de Statistiques Th\'{e}oriques et Appliqu\'{e}es, Universit\'{e} Pierre et Marie Curie},
  year = {1999}
}

@article{Arkin1992,
   author =  {Arkin, R.C.},
   title =   {Cooperation without Communication: Multiagent Schema-Based Robot Navigation},
   journal = {Robotic Systems},
   year =    {1992},
   volume =  {9},
   number =  {3},
   pages =   {351--364}
}

%mariana ago 2011 (do antigo bioinfo.tex)
@article{ Armstrong+1987, 
 AUTHOR = {Armstrong, C. H. and Freeman, M. J. and Sands--Freeman, L.}, 
 TITLE = {Crossreactions between \emph{Mycoplasma hyopneumoniae} and \emph{Mycoplasma flocculare}: practical implications for the serodiagnosis of mycoplasmal pneumonia of swine}, 
 JOURNAL = {Isr. J. Med. Sci.}, 
 VOLUME = {23}, 
 PAGES = {654--656}, 
 YEAR =	{1987}, 
}

%ana set. 05
@Article{Arnott+1990,
   author =  {Arnott, R. and de Palma, A. and Lindsey, R.},
   title =   {Departure Time and Route Choice for the Morning Commute},
   journal = trb,
   year =    {1990},
   volume =  {24},
   pages =   {209--228}
}

@article{Arnott+1991,
   author =  {Arnott, R. and de Palma, A. and Lindsey, R.},
   title =   {Does Providing Information to Drivers Reduce Traffic Congestion?},
   journal = tra,
   year =    {1991},
   volume =  {25},
   pages =   {309--318}
}

@article{Arnott&Small1994,
   author =  {Arnott, R. and Small, K.},
   title =   {The Economics of Traffic Congestion},
   journal = {American Scientist},
   year =    {1994},
   volume =  {82},
   pages =   {446--455}
}

@article{Arslan+2001,
   author =  {Arslan, A.N. and Eeciolu, O. and Pevzner, P.A.},
   title =   {A New Approach to Sequence Comparison: Normalized Sequence Alignment},
   journal = {Bioinformatics},
   year =    {2001},
   volume =  {17},
   number =  {4},
   pages =   {327--337}
}

@article{Arslan&Khisty2006,
   author =  {Arslan, T. and Khisty, J.},
   title =   {A Rational Approach to Handling Fuzzy Perceptions in Route Choice},
   journal = {European Journal of Operational Research},
   year =    {2006},
   volume =  {168},
   number =  {2},
   pages =   {571--583}
}

% corrigido Anderson R. 27/06/2012
@article{Arthur1994,
  title={Inductive reasoning and bounded rationality},
  author={Arthur, W.B.},
  journal={The American economic review},
  volume={84},
  number={2},
  pages={406--411},
  year={1994},
  publisher={JSTOR}
}

@INPROCEEDINGS{Arthur+1997,
   AUTHOR =    {Arthur, W. B. and Holland, J. H. and Lebaron, B. and Palmer, R. G. and Taylor, P.},
   TITLE =     {Asset Pricing under Endogenous Expectations in an Artificial Stock Market},
   BOOKTITLE = {The Economy as an Evolving Complex System II},
   PAGES =     {15--44},
   YEAR =      {1997},
   PUBLISHER = {Addison-Wesley}
}

%mariana ago 2011 (do antigo bioinfo.tex)
@Article{Ashburner+2000,
  author = 	 {Ashburner, M. K. and Ball C. A and Blake, J. A and Botstein. D. and Butler, H. and Cherry, J. M and Davis, A. P. and Dolinsk, K. and Dwight, S. S. and Eppig, J. T. and et. al.},
  title = 	 {Gene Ontology: tool for the unification of biology},
  journal = 	 {Nature Genetics},
  year = 	 {2000},
  volume = 	 {25},
  number = 	 {1},
  pages = 	 {25--29},
} 

%Daniela 06/2008
@misc{Asuncion&Newman2007,
   author =      {Asuncion, A. and Newman, D. J.},
   year =        {2007},
   title =       {{UCI} Machine Learning Repository},
   note =         {http://www.ics.uci.edu/$\sim$mlearn/{MLR}epository.html},
   howpublished = {University of California, Irvine, School of Information and Computer Sciences}
}

%mariana ago 2011 (do antigo bioinfo.tex)
@Article{Attwood+2000,
  author = 	 {Attwood, T. K. and Croning, M. D. and Flower, D. R. and Lewis, A. P. and Mabey, J. E. and Scordis, P. and Selley, J. N.  and Wright, W.},
  title = 	 {{Prints-S}: The Database Formerly Known as {Prints}},
  journal = 	 nar,
  year = 	 {2000},
  volume = 	 {28},
  number = 	 {1},
  pages = 	 {225--227},
}

% ana set 11
@inproceedings{Au+2011,
    Author = {Tsz-Chiu Au and Neda Shahidi and Peter Stone},
    Booktitle= {Proceedings of the Twenty-Fifth Conference on Artificial Intelligence},
    editor    = {Wolfram Burgard and   Dan Roth},
    Title = {Enforcing Liveness in Autonomous Traffic Management},
    Year = {2011},
    pages = {1317--1322},
    Month= {August},
}

%mariana ago 2011 (do antigo bioinfo.tex)
@InProceedings{Auer+1995, 
  author = 	 {Auer P. and Holte R. and Maass W.}, 
  title = 	 { Theory and applications of agnostic {PAC}-learning with small decision trees}, 
  booktitle = 	 { Proc. of the 12th International Machine Learning Conference}, 
  year = 	 {1995}, 
  publisher = { Morgan Kaufmann} 
} 
 
%mariana junho/2011
@inproceedings{Auliac+2007,
  author = {C\'edric Auliac and Florence d'Alch\'e-Buc and Vincent Frouin},
  title = {Learning Transcriptional Regulatory Networks with Evolutionary Algorithms Enhanced with Niching},
  booktitle = {Proceedings of the 7th international workshop on Fuzzy Logic and Applications (WILF'07)},
  pages= {612-619},
  year = {2007},
  }

%mariana junho/2011
@article{Auliac+2008,
  author = {C\'edric Auliac and Vincent Frouin and Xavier Gidrol Florence d'Alch\'e-Buc},
  title = {Evolutionary approaches for the reverse-engineering of gene regulatory networks: A study on a biologically realistic dataset},
  journal = {BMC Bioinformatics},
  publisher = {BioMed Central Ltd},
  volume = {9},
  article = {91},
  year = {2008},
  }

% Samuel 03/2010
@incollection{Aumann2008,
   title = {Game Theory},
   booktitle  =  {The New Palgrave Dictionary of Economics},
   author  =  {Aumann, R. J.},
   editor  =  {Durlauf, Steven N. and Blume, Lawrence E.},
   year  =  {2008},
   publisher  =  {Palgrave Macmillan},
   address  =  {Basingstoke, UK}
}

@book{Axelrod1984,
   author =    {Axelrod, R.},
   title =     {The Evolution of Cooperation},
   publisher = {Basic Books},
   year =      {1984}
}

@article{Axelrod1986,
   author =  {Axelrod, R.},
   title =   {An Evolutionary Approach to Norms},
   journal = {Am. Political Science Review},
   year =    {1986},
   volume =  {80},
   pages =   {1095--1111}
}

@incollection{Axelrod1987,
   author =    {Axelrod, R.},
   title =     {The Evolution of Strategies in the Iterated Prisoners Dilemma},
   booktitle = {Genetic Algorithms and Simulated Annealing},
   publisher = {Morgan Kaufmann, Los Altos, CA},
   year =      {1987},
   editor =    {Davis, L.}
}

@book{Axelrod1997,
   author =    {Axelrod, R.},
   title =     {The Complexity of Cooperation: Agent-Based Models of Competition and Collaboration},
   publisher = {Princeton University Press},
   year =      {1997},
   address =   {Princeton, New Jersey},
   note =      {232 p.}
}

@TECHREPORT{Axtell2000,
   AUTHOR =   {Axtell, R.},
   TITLE =        {Why Agents? On the Varied Motivation For Agent Computing In the Social Sciences},
   INSTITUTION =  {Center on Social and Economic Dynamics},
   MONTH =        {November},
   YEAR  =        {2000}
}

%Daniela - 06/2007
@inproceedings{Azzag+2003,
   author =     {Azzag, M. and Monmarch\'e, N. and Slimane, M. and Venturini, G.},
   title =      {AntTree: a New Model for clustering with artificial ants},
   booktitle =  {Proceedings of the Evolutionary Computation (CEC 03)},
   volume =     {4},
   month =      {December},
   address =    {Camberra, Australia},
   publisher =  {IEEE Press},
   year =       {2003},
   pages =      {2642--2647}
}

% ana jun 11
@inproceedings{Babes+2008,
	author = {Monica Babes and Enrique Munos De Cote and Michael L. Littman},
	title = {Social reward shaping in the prisioner's dilemma},
	booktitle = {Proc. of the 7th Int. Joint Conf. on Aut. Agents and Multiagent Systems},
	editor = aamas08eds,
	location = {Estoril},
	year = {2008},
	month = {May},
	publisher = {{IFAAMAS}},
	pages = {1389--1392}
}

%mariana junho/2011
@inproceedings{Bagirov&Mardaneh2006,
  author = {Adil M. Bagirov and Karim Mardaneh},
  title = {Modified global k-means algorithm for clustering in gene expression data sets},
  booktitle = {Proceedings of the 2006 Workshop on Intelligent Systems for Bioinformatics (WISB 2006)},
  editor = {Mikael Boden and Timothy L. Bailey},
  series= {CRPIT},
  publisher = {ACS},
  pages = {23--28},
  volume = {73},
  year = {2006},
}

% TOYAMA 6/2005
@Book{Bak1996,
   author =    {Bak, Per},
   title =     {How Nature Works, The Science of Self-organized Criticality},
   publisher = {Springer-Verlag},
   year =      {1996},
   address =   {New York}
}

%Daniel 03-09
@InProceedings{Bakker+2005,
author = {B. Bakker and M. Steingrover and R. Schouten and E. Nijhuis and L. Kester},
title = {Cooperative multi-agent reinforcement learning of traffic lights},
booktitle = {Proceedings of the Workshop on Cooperative Multi-Agent Learning},
year = {2005},
note = {at ECML'05}
}

% Fabiana - 17/11/05
@Article{Balabanovic&Sholam1997,
   author =    {Balabanovic, M. and Shoham, Y.},
   title =     {Fab: Content-based, collaborative recommendation},
   journal = {Communications of the Association for Computing Machinery},
   year =      {1997},
   volume =    {40},
   number =    {3},
   pages =     {66--72},
   address =   {Orlando, Florida},
   month =     {July},
   publisher = {ACM Press}
}

% Monireh - 07/2011
% falta booktitle
@InProceedings{Balaji+2007,
  author =       {Balaji, P.G and Sachdeva, P.G and Srinivasan, D. and Tham C.K.},
  title =        {Multi-agent System based Urban Traffic Management},
  publisher =    {IEEE},
  address =      {Singapore},
  year =         {2007},
  pages =        {1740-1747}
}

% Monireh - 07/2011
% IET ???
@Article{Balaji+2010,
  author =       {Balaji, P.G. and German, X. and Srinivasan, D.},
  title =        {Urban Traffic Signal Control using Reinforcement Learning Agents},
  journal =      {IET Intelligent Transportation Systems},
  volume =       4,
  number =       3,
  year =         {2010},
  pages =        {177--188},
}

%ana mar/07
@inproceedings{Balan&Luke2006,
   author =    {Gabriel Balan and Sean Luke},
   title =     {History-based Traffic Control},
   booktitle = {Proceedings of the Fifth International Joint Conference on Autonomous Agents and Multiagent Systems},
   year =      {2006},
   editor =    aamas06eds,
   isbn =      {1-59593-303-4},
   pages =     {616--621},
   location =  {Hakodate, Japan},
   doi =       {http://doi.acm.org/10.1145/1160633.1160743},
   publisher = {ACM Press},
   address =   {New York, NY, USA}
}

@article{Balch&Arkin1994,
   author =  {Balch, T. and Arkin, R.C.},
   title =   {Communication in Reactive Multiagent Robotic Systems},
   journal = {Autonomous Robots},
   year =    {1994},
   volume =  {1},
   pages =   {27--52}
}

%Anderson Rocha set 2011 - ajustado 12/07/2012
@article{Baldessari+2007,
  title={Car-2-car communication consortium - {M}anifesto},
  author={Baldessari, R. and B{\"o}dekker, B. and Deegener, M. and Festag, A. and Franz, W. and Kellum, C.C. and Kosch, T. and Kovacs, A. and Lenardi, M. and Menig, C. and others},
  journal={DLR Electronic Library},
  year={2007},
  address = {Germany}
}

%mariana ago 2011 (do antigo bioinfo.tex)
@Book{Baldi&Soren1998, 
  author =	 {Pierre Baldi and Brunak S{\o}ren}, 
  editor =	 {}, 
  title = 	 {Bioinformatics: the machine learning approach}, 
  publisher = 	 {The MIT Press}, 
  year = 	 {1998}, 
  address =	 {Cambridge, MA}, 
  note =	 {351p.}, 
} 

% ana set 12
@inproceedings{Baldwin+2012,
author    = {Timothy Baldwin and Paul Cook and Bo Han and Aaron Harwood and Shanika Karunasekera and Masud Moshtaghi},
 title     = {A Support Platform for Event Detection using Social Intelligence},
booktitle = {Proceedings of the Demonstrations at the 13th Conference of the European Chapter of the Association for Computational Linguistics},
month     = {April},
year      = {2012},
address   = {Avignon, France},
pages     = {69--72}, } 

%mariana junho/2011
@book{Ball+2011,
  author = {David W. Ball and John W. Hill and Rhonda J. Scott},
  title = {The Basics of General, Organic, and Biological Chemistry},
  year = {2011},
  publisher = {Flat World Knowledge, Inc.},
} 

%Daniela 06/2007
@techreport{Ball&Hall1965,
   author =      {Ball, G. H. and Hall, D. J.},
   title =       {ISODATA: a novel method of data analysis and pattern classification},
   institution = {Stanford Research Institute},
   year =        {1965},
   address =     {Stanford, CA},
   type =        {NTIS Report},
   number =      {AD699--616}
}

%denise 16.10.06, update 13.03.07
@article{Balmer+2004ITS,
   title =     {Large--Scale Multi-Agent Simulations for Transportation Applications},
   author =    {Balmer, M. and Nagel, Kai and Raney, B.},
   journal =   {Journal of Intelligent Transportation Systems: Technology, Planning, and Operations},
   volume =    {8},
   number =    {4},
   pages =     {205--221},
   year =      {2004},
   publisher = {Taylor \& Francis}
}

%ana 20.4.06
@InProceedings{Balmer+2004,
   author =    {Michael Balmer and Nurhan Cetin and Kai Nagel and Bryan Raney},
   title =     {Towards truly agent-based traffic and mobility simulations},
   year =      {2004},
   booktitle = {Proceedings of the 3rd International Joint Conference on Autonomous Agents and Multi Agent Systems, {AAMAS}},
   pages =     {60--67},
   month =     {July},
   volume =    {1},
   editor =    {Jennings, N.R. and Sierra, C. and Sonenberg, L. and Tambe, M.},
   address =   {New York, {USA}},
   publisher = {New York, {IEEE} Computer Society}
}

%Daniel 05/09
@PHDTHESIS{Balmer2007,
 AUTHOR =       {M. Balmer},
 TITLE =        {Travel Demand modeling for multi-agent traffic simulations: Algorithms and systems},
 SCHOOL =       {ETH Z{\"u}rich},
 YEAR =         {2007},
}

%Daniel 05/09
@INPROCEEDINGS{Balmer+2008,
 AUTHOR =       {M. Balmer and K. Meister and M. Rieser  and K. Nagel and K. W. Axhausen},
 TITLE =        {Agent-based Simulation of Travel Demand: Structure and Computational Performance of {MATSim-T}},
 BOOKTITLE =    {2nd TRB Conference on Innovations in Travel Modeling, Portland, June 2008},
 YEAR =         {2008},
}

%Daniel 03-09
@INCOLLECTION{Balmer+2009,
 AUTHOR =       {M. Balmer and M. Rieser and K. Meister and  D. Charypar and N. Lefebre and K. Nagel },
 TITLE =        {{MATSim-T}: Architecture and Simulation Times},
 BOOKTITLE =    {Multi-Agent Systems for Traffic and Transportation Engineering},
 PUBLISHER =    {IGI Global},
 address =      {Hershey, US},
 YEAR =         {2009},
 editor =       {A. L. Bazzan and F. Kl{\"u}gl},
 pages = {57-78},
 isbn = {978-1-60566-226-8}
}

%Daniel 05/09
@ARTICLE{Bandini+2004,
 AUTHOR =       {S. Bandini and S. Manzoni and  G. Vizzari},
 TITLE =        {Situated Cellular Agents: a Model to Simulate Crowding Dynamics},
 JOURNAL =      {IEICE Transactions},
 YEAR =         {2004},
 volume =       {E87-D},
 number =       {3},
 pages =        {669-676},
 }

%mariana maio 2012
@article{Bandyopadhyay&Mitra2009,
	Author = {Sanghamitra Bandyopadhyay and Ramkrishna Mitra},
	Journal = {Bioinformatics},
	Number = {20},
	Pages = {2625--2531},
	Title = {{TargetMiner}: {microRNA} target prediction with systematic identification of tissue-specific negative examples},
	Volume = {25},
	Year = {2009}
}

%Daniel 05/09
@ARTICLE{Banos2005,
 AUTHOR =       {A. Banos},
 TITLE =        {Geosimulating the swarming city : a bouquet of alternatives},
 JOURNAL =      {Geoinformatics},
 YEAR =         {2005},
 volume =       {8},
 number =       {6},
 pages =        {58-60},
}

%mariana junho/2011
@article{Bansal+2007,
  author = {Mukesh Bansal and Vincenzo Belcastro and Alberto Ambesi-Impiombato and Diego di Bernardo},
  title = {How to infer gene networks from expression profiles},
  journal = {Molecular Systems Biology},
  year = {2007},
  volume = {3},
  pages = {1--10},
  number = {78},
  publisher = {EMBO and Nature Publishing Group},
}

%ana jun 08
@article{Barabasi&Albert1999,
    author = {A. L. Barab\'asi and R. Albert},
    title = {Emergence of Scaling in Random Networks},
    journal = {Science},
    volume = 286,
    number = {5439},
    year = 1999,
    pages = {509--512}
}

% Ana (por Vinicius) 16/06/2010
@article{Barabasi+2002,
 author = {A. L. Barab\'asi and H. Jeong and Z. N\'eda and E. Ravasz and A. Schubert and T. Vicsek},
 journal = {Physica A},
 number = {3-4},
 pages = {590--614},
 title = {Evolution of the social network of scientific collaborations},
 url = {http://www.sciencedirect.com/science/article/B6TVG-45S9HG2-1/2/dff30ba73ddd8820aca3e7f072aa7885},
 volume = 311,
 year = 2002,
 issn = {0378-4371},
 doi = {DOI: 10.1016/S0378-4371(02)00736-7}
}

@ARTICLE{Barberis+1998,
   AUTHOR =  {Barberis, N. and Shleifer, A. and Vishny, R.},
   TITLE =   {A Model of Investor Sentiment},
   JOURNAL = {Journal of Financial Economics},
   VOLUME =  {49},
   NUMBER =  {3},
   PAGES =   {307--343},
   YEAR =    {1998}
}

@incollection{Barcelo+1999,
   author =    {Barcelo, J. and Casas, J. and Ferrer, J.L. and Garcias, D.},
   title =     {Modelling Advanced Transport Telematic Applications with Microscopic Simulators: The Case of {AIMSUN2}},
   booktitle = {Traffic and Mobility: Simulation - Economics - Environment},
   publisher = {Springer},
   year =      {1999},
   editor =    {Brilon, W. and Huber, F. and Schreckenberg, M. and Wallentowitz, H.},
   address =   {Heidelberg}
}

@book{Barfield&Dingus1998,
   author =    {Barfield, W. and Dingus, T.A.},
   title =     {Human Factors in Intelligent Transportation Systems},
   publisher = {Lawrence Erlbaum Associates Inc.},
   year =      {1998},
   address =   {Mahwah, New Jersey}
}

%mariana ago 2011 (do antigo bioinfo.tex)
@article{Barker+1999,
  author = {Barker, W. and Garavelliand, J. and McGarvey, P. and Marzec, C. and Orcutt, B. and Srinivasaro, G. and Yeh, L. and Ledley, R.
            and Mewes, H. and Pfeiffer, F. and Tsugita, A. and Wu, C.},
  title = {The {PIR} international protein sequence database.},
  journal = {Nucleic Acids Research},
  year = {1999},
  number = {1},
  volume = {27},
  pages = {39--43}
}

%mariana maio 2012
@article{Bartel2004,
	Author = {David P. Bartel},
	Journal = {Cell},
	Pages = {281--297},
	Title = {Micro{RNA}s: {G}enomics, Review Biogenesis, Mechanism, and Function},
	Volume = {116},
	Year = {2004}
}

%mariana junho/2011
@article{Basso+2005,
  author = {Katia Basso and Adam A Margolin and Gustavo Stolovitzky and Ulf Klein and Riccardo Dalla-Favera and Andrea Califano},
  title = {Reverse engineering of regulatory networks in human B cells},
  journal = {Nature Genetics},
  year = {2005},
  volume = {37},
  number = {4},
  pages = {382-390},
}

% ana set 12
@article{Bastos&Jaques2010,
author = {Bastos, Rodrigo and Jaques, P.},
journal = {Revista Brasileira de Computa\c{c}\~{a}o Aplicada},
pages = {41--56},
title = {{ANTARES}: Um sistema Web de consulta de rotas de \^{o}nibus como servi\c{c}o p\'{u}blico},
volume = {2},
year = {2010}
}

%mariana ago 2011 (do antigo bioinfo.tex)
@Article{Bateman+2002, 
  author = 	 {Bateman, A. and  Birney, E. and  Cerruti, L. and  Durbin, R. and  Etwiller, L. and  Eddy, S.R. and  Griffiths-Jones, S. and  Howe, K.L. and  Marshall, M. and  Sonnhammer, E. L.}, 
  title = 	 {The {Pfam} Protein Families Database}, 
  journal = 	 {Nucleic Acids Research}, 
  year = 	 {2002}, 
  volume =	 {30}, 
  number =	 {1}, 
  pages =	 {276--280}, 
} 

%mariana junho 2012
@article{Batenburg+1995,
   author = {van Batenburg, F. H. and Gultyaev, A. P. and Pleij, C. W.},
   title = {{An APL-programmed genetic algorithm for the prediction of RNA secondary structure.}},
   day = {7},
   doi = {10.1006/jtbi.1995.0098},
   issn = {0022-5193},
   journal = {J Theor Biol},
   month = jun,
   number = {3},
   pages = {269--280},
   volume = {174},
   year = {1995}
}

@article{Bates1994,
   author =    {Bates, J.},
   title =     {The Role of Emotion in Believable Agents},
   journal =   {Communications of the ACM},
   year =      {1994},
   note =      {Special Issue on Agents},
   month =     {July},
   publisher = {ACM Press}
}
 
%mariana maio 2012
@article{Batuwita&Palade2009,
	Author = {Rukshan Batuwita and Vasile Palade},
	Journal = {Bioinformatics},
	Number = {8},
	Pages = {989--995},
	Title = {micro{Pred}: effective classification of pre-mi{RNA}s for human mi{RNA} gene prediction},
	Volume = {25},
	Year = {2009}
}

%mariana ago 2011 (do antigo bioinfo.tex)
@inproceedings{Bayardo+1997, 
    author = {R. J. {Bayardo, Jr.} and W. Bohrer and R. Brice and A. Cichocki and J. Fowler and A. Helal and V. Kashyap and T. Ksiezyk and G. Martin and M. Nodine and M. Rashid and M. Rusinkiewicz and R. Shea and C. Unnikrishnan and A. Unruh and D. Woelk}, 
    title = {{InfoSleuth}: Agent-Based Semantic Integration of Information in Open and Dynamic Environments}, 
    booktitle = {Proceedings of the {ACM} {SIGMOD} International Conference on Management of Data}, 
    publisher = {ACM Press}, 
    address = {New York}, 
    pages = {195--206}, 
    year = {1997}, 
    url = {citeseer.nj.nec.com/bayardo97infosleuth.html}
 } 

% Fabiana - 18/10/2005
@Article{Beam&Segev1997,
   author =  {Beam, C. and Segev, A.},
   title =   {Automated Negotiations: A Survey of the State of the Art},
   journal = {Wirtschafts Informatik},
   volume =  {39},
   number =  {3},
   pages =   {263-268},
   year =    {1997}
}

%denise 07/2007
@inproceedings{Becker+2003,
   author    = {Raphen Becker and Shlomo Zilberstein and Victor R. Lesser and Claudia V. Goldman},
   title     = {Transition-independent decentralized markov decision processes},
   pages     = {41--48},
   booktitle = {Proceedings of The Second International Joint Conference on Autonomous Agents and Multiagent Systems (AAMAS)},
   publisher = {New York, ACM},
   year      = {2003}
}

@inproceedings{Beer+1998,
  author = 	 {M. Beer and M. d'Inverno and M. Luck and N. Jennings and C. Preist and M. Schroeder},
  title = 	 {Negotiation in Multi-Agent Systems}, 
  booktitle =    {Workshop of the UK Special Interest Group on Multi-Agent Systems}, 
  year = 	 {1998} 
} 

%mariana junho/2011
@article{Bell2006,
  author = {Stephen D. Bell},
  title = {Molecular biology: Prime-time progress},
  journal = {Nature},
  number = {439},
  pages = {542--543},
  year = {2006},
  publisher = {Nature Publishing Group},
}

% Fabiana - 29/02/2008
@book{Bellifemine+2007,
   author =    {Fabio Bellifemine and Giovanni Caire and Dominic Greenwood},
   title =     {Developing Multi-Agent Systems with JADE},
   year =      {2007},
   isbn =      {978-0-470-05747-6},
   publisher = {Wiley}
}

% Bruno - 27/04/2006
@book{Bellman1957,
   author =    {Bellman, Richard  E. },
   publisher = {Princeton University Press},
   address =   {Princeton},
   title =     {Dynamic Programming},
   year =      {1957}
}

@article{Ben-Akiva+1991,
   author =  {Ben--Akiva, M. and de Palma, A. and Kaysi, I.},
   title =   {Dynamic Network Models and Driver Information Systems},
   journal = {Transp. Res. A},
   year =    {1991},
   volume =  {25},
   number =  {5},
   pages =   {251--266}
}

% Daniel 16/06/08
@BOOK{Ben-Akiva&Lermann1985,
  AUTHOR =       {Ben-Akiva, M. and S. Lerman},
  TITLE =        {Discrete Choice Analysis -- Theory and Application to Travel Demand},
  PUBLISHER =    {MIT Press},
  YEAR =         {1985},
}

% ana set 12
@InBook{Ben-Akiva+2010,
    author = {Moshe Ben-Akiva and Haris N. Koutsopoulos and Constantinos Antoniou and Ramachandran Balakrishna},
    ALTeditor = {Barcel\'o, Jaume},
    title = {Traffic Simulation with DynaMIT},
    chapter = 10,
    year = {2010},
    publisher = {Springer}
} 

%mariana junho/2011
@article{Ben-Dor+1999,
  author = {Amir Ben--Dor and Ron Shamir and Zohar Yakhini},
  title = {Clustering Gene Expression Patterns},
  journal = {Journal of Computational Biology},
  year = {1999},
  volume = {6},
  pages = {281--297},
  number = {3/4},
  publisher = {Mary Ann Liebert, Inc.},
}

% Anderson 14/05/2012
@article{Ben-Elia&Shiftan2010,
  title={Which road do {I} take? {A} learning-based model of route-choice behavior with real-time information},
  author={Ben-Elia, E. and Shiftan, Y.},
  journal={Transportation Research Part A: Policy and Practice},
  volume={44},
  number={4},
  pages={249--264},
  year={2010},
  publisher={Elsevier}
}

%Daniel 05/09
@BOOK{Benenson&Torrens2004,
 AUTHOR =       {I. Benenson and P. M. Torrens},
 TITLE =        {Geosimulation: Automata-based modeling of urban phenomena},
 PUBLISHER =    {John Wiley and Sons},
 YEAR =         {2004},
 address =      {Chichester, GB},
}

%Daniel 05/09
@INPROCEEDINGS{Benenson&Martens2008,
 AUTHOR =       {I. Benenson and K. Martens},
 TITLE =        {Geosimulation of Parking in the City},
 BOOKTITLE =    {Proceedings of the 5th Workshop on Agents in Traffic and Transportation, at AAMAS 2008, May, 13th, Estoril, Portugal},
 YEAR =         {2008},
 editor =       {A. L. C. Bazzan and F. Kl{\"u}gl and S. Ossowski},
 pages =        {29-35},
}

% Cassia - mariana ago 2011 (do antigo bioinfo.tex)
@INPROCEEDINGS{BenHur&Brutlag2005,
   author  = {BenHur, A. and Brutlag, D.},
   title   = {Sequence motifs: highly predictive features of protein function},
   year    = {2005},
   booktitle   = {Feature extraction, foundations and applications},
   pages   = {625--643},
   publisher = {Springer Verlag},
}

% ana fev 2008
@inproceedings{Benisch&Sadeh2006,
 author = {Michael Benisch and Norman Sadeh},
 title = {Examining {DCSP} coordination tradeoffs},
 booktitle = {Proceedings of the 5th International Joint Conference on AutonomousA gents and Multiagent Systems},
 year = {2006},
 isbn = {1-59593-303-4},
 pages = {1405--1412},
 location = {Hakodate, Japan},
 doi = {http://doi.acm.org/10.1145/1160633.1160896},
 publisher = {ACM},
 address = {New York, NY, USA},
 }

@article{Benjamins1995,
   author =  {Benjamins, R.},
   title =   {Problem--Solving Methods for Diagnosis and their Role in Knowledge Acquisition},
   journal = {International Journal of Expert Systems},
   year =    {1995},
   volume =  {8},
   number =  {2},
   pages =   {93--120}
}

%mariana ago 2011 (do antigo bioinfo.tex)
@article{Benson+1993, 
 AUTHOR = {Benson, D. and Lipman, D. J. and Ostell, J.}, 
 TITLE = {Genbank}, 
 JOURNAL = { Nucleic Acids Research}, 
 VOLUME = {21}, 
 PAGES = {2963--2965}, 
 YEAR = {1993}, 
} 

%mariana ago 2011 (do antigo bioinfo.tex)
@article{Benson+2004,
 AUTHOR = {Benson, D. and  Karsch-Mizrachi, I. and Lipman, D. and Ostell, J. and Wheeler, D.},
 TITLE = {Genbank: update},
 JOURNAL = { Nucleic Acids Research},
 VOLUME = {32},
 PAGES = {D23--D26},
 YEAR = {2004},
}

@misc{Bercht&Viccari1998,
   author =       {Bercht, M. and Viccari, R.M.},
   title =        {Avalia\c c\~ao Pedag\'ogica como Fator para a Constru\c c\~ao de Estrat\'egias de Ensino em Ambiente de Ensino Inteligentes},
   howpublished = {Exame de Qualifica\c c\~ao},
   year =         {1998},
   note =         {CPGCC, UFRGS}
}

%mariana maio 2012
@article{Berezikov+2011,
	Author = {Eugene Berezikov and Nicolas Robine and Anastasia Samsonova and et al.},
	Journal = {Genome Research},
	Pages = {293--215},
	Title = {Deep annotation of {D}rosophila melanogaster micro{RNA}s yields insights into their processing, modification, and emergence},
	Volume = {21},
	Year = {2011}
}

% Fabiana - 13/dez/05
@incollection{Bergmann&Wilke1998,
   author =    {Ralph Bergmann and Wolfgang Wilke},
   title =     {Towards a New Formal Model of Transformational Adaptation in Case-Based Reasoning},
   booktitle = {Thirteenth European Conference on Artificial Intelligence},
   publisher = {John Wiley and Sons},
   address =   {Chichester},
   editor =    {Henri Prade},
   pages =     {53--57},
   year =      {1998}
}

% ana jan 2009
@Article{Bergstrom2002,
author = {Ted Bergstrom},
title = {Evolution of Social Behavior: Individual and Group Selection},
journal = {Journal of Economic Perspectives},
year = {2002},
volume = {16},
number = {2},
pages = {67--78}
}

% ana jan 2009
@Article{Bergstrom&Stark1993,
author = {Ted Bergstrom and Oded Stark},
title = {How Altruism Can Prevail in an Evolutionary Environment},
journal = {American Economic Review},
year = {1993},
volume = {83},
number = {2},
pages = {149--155},
month = {May}
}

% Daniela 05/2007
@techreport{Berkhin2002,
   author =      {Berkhin, Pavel},
   title =       {Survey of Clustering Data Mining Techniques},
   institution = {Accrue Software},
   address =     {San Jose, CA},
   type =        {Technical Report},
   pages =       {56},
   year =        {2002}
}

% Anderson Rocha 05/12/2011
@inproceedings{Behrish+2011,
   author = {M. Behrisch and L. Bieker and J. Erdmann and D. Krajzewicz},
   title = {{SUMO} - Simulation of Urban MObility: An Overview},
   booktitle = {{SIMUL} 2011, The Third International Conference on Advances in System
   Simulation},
   address = {Barcelona, Spain},
   year = {2011},
}

@article{Berninghaus&Schwalbe1994,
   author =  {Berninghaus, S.K. and U. Schwalbe},
   title =   {Conventions, Local Interaction, and Automata Networks},
   journal = {Journal of Evolutionary Economics},
   year =    {1994}
}

%mariana ago 2011 (do antigo bioinfo.tex)
@article{Bernstein+1977,
 author = {Bernstein, F. and Koetzle, T. and Williams, G. and Meyer Jr, J. and Brice, M. and Rodgers J. and Kennard, O. and 
           Shimanouchi, T. and Tasumi, M.},
 title = {The protein data bank: a computer-based archival file for macromolecular structures.},
 journal = {Journal of Molecular Biology},
 volume = {2},
 number = {80},
 pages = {319--324},
 year = {1977}
}

@incollection{Bers&Cassel1998,
   author =    {Bers, M. and Cassel, J.},
   title =     {Children as Designers of Interactive Storytellers},
   booktitle = {Human Cognition And Social Agent Technology},
   publisher = {John Benjamins Publishing Company},
   year =      {1998},
   editor =    {Dautenhahn, K.},
   volume =    {19},
   chapter =   {3},
   pages =     {61--83}
}

%Denise 02/2006
@article{Bernstein+2002,
   author =    {Daniel S. Bernstein and Robert Givan and Neil Immerman and Shlomo Zilberstein},
   title =     {The Complexity of Decentralized Control of {M}arkov {D}ecision {P}rocesses},
   journal =   {Mathematics of Operations Research},
   volume =    {27},
   number =    {4},
   year =      {2002},
   issn =      {0364-765X},
   pages =     {819--840},
   doi =       {http://dx.doi.org/10.1287/moor.27.4.819.297},
   publisher = {{INFORMS}},
   address =   {Institute for Operations Research and the Management Sciences (INFORMS), Linthicum, Maryland, USA}
}

%denise 06/2007
@PHDTHESIS{Bernstein2005,
  author = {Daniel S. Bernstein},
  title = {Complexity Analysis and Optimal Algorithms for Decentralized Decision Making},
  school = {Department of Computer Science, University of Massachusets Amherst},
  year = {2005},
  month = {September}
}

@article{Beshers+2001,
   author =  {Beshers, S. and Huang, Z. and Oono, Y. and Robinson, G.},
   title =   {Social Inhibition and the Regulation of Temporal Polyethism in Honey Bees},
   journal = {Journal of Theoric Biology},
   year =    {2001},
   number =  {213},
   volume =  {3},
   pages =   {461--479},
   url =     {http://bees.msu.edu/pub/2001JTB.pdf}
}

@ARTICLE{Beshers&Fewell2001,
   AUTHOR =  {Beshers, S. N. and Fewell, J. H.},
   TITLE =   {Models of Division of Labor in Social Insects},
   JOURNAL = {Annual Review of Entomology},
   YEAR =    {2001},
   volume =  {46},
   pages =   {413--440},
   month =   {January}
}

%mariana maio 2012
@article{Betancur&Tomari2011,
	Annote = {DOI: 10.1261/rna.029785.111},
	Author = {Juan G. Betancur and Yukihide Tomari},
	Journal = {RNA},
	Number = {1},
	Pages = {1-7},
	Title = {Dicer is dispensable for asymmetric {RISC} loading in mammals},
	Volume = {18},
	Year = {2011}
}

% fabiana - 17/11/05
@article{Bichler2000,
   author =  {Bichler, M.},
   title =   {An Experimental Analysis of Multi-Attribute Auctions},
   journal = {Decision Support Systems},
   year =    {2000},
   volume =  {29},
   number =  {3},
   pages =   {249--268}
}

% Fabiana - 18/10/2005
@inproceedings{Bigham&Du2003,
   author =    {Bingam, J. and Du, L.},
   title =     {Cooperative Negotiation in a Multiagent System for Real-Time Load Balancing of a Mobile Cellular Network.},
   booktitle = {Proceedings of Second International Joint Conference on Autonomous Agents and Multi Agent Systems},
   address =   {Melbourne Australia},
   editor =    {J. Rosenschein and T. Sandholm and M. Wooldridge and M. Yokoo},
   month =     {July},
   publisher = {ACM Press},
   pages =     {568--575},
   year =      {2003}
}

@article{Biham+1992,
   author =  {Biham, O. and Middleton, A. A. and Levine, D.},
   title =   {Self-Organization and a Dynamical Transition in Traffic-Flow Models},
   journal = {Physical Review A},
   year =    {1992},
   volume =  {46},
   pages =   {R6124}
}

@article{Billard1996,
   author =  {Billard, E.},
   title =   {Stability of Adaptive Search in Multi--Level Games under Delayed Information},
   journal = {IEEE Trans. on Systems, Man and Cybernetics - Part A: Systems and Humans},
   year =    {1996},
   volume =  {26},
   number =  {2},
   pages =   {231--239}
}

%Daniela 05/2007
@inproceedings{Bin+2002,
  author =    {Bin, W. and Yi, Z. and Shaohui, L. and Zhongzhi, S.},
  title =     {CSIM: a document clustering algorithm based on swarm intelligence},
  booktitle = {Proceedings of the Evolutionary Computation (CEC 02)},
  year =      {2002},
  pages =     {477--482},
  publisher = {New York, IEEE Computer Society},
  address =   {Los Alamitos, CA, USA},
  volume =    {1},
  month =     {May}
}

%Daniela 02/2009
@inproceedings{Bin&Zhongzhi2001,
  title=      {A clustering algorithm based on swarm intelligence},
  author=     {Bin, W. and Zhongzhi, S.},
  journal=    {Proceedings of the International Conferences on Info-tech and Info-net (ICII)},
  year=       {2001},
  volume=     {3},
  pages=      {58--66},
  address =   {Beijing}
}

@book{Bind&Carter1995,
   author =    {Bing, B. and Carter, A.},
   title =     {{SCOOT}: The World's Foremost Adaptive Traffic Control System},
   publisher = {Traffic Technology International Press},
   year =      {1995},
   address =   {Surrey, UK}
}

% Fabiana - 30/marco
@InProceedings{Billsus&Pazzani1997,
   author =    {Daniel Billsus and Michael Pazzani},
   title =     {Learning Probabilistic User Models},
   booktitle = {UM97 Workshop on Machine Learning for User Modeling},
   year =      {1997},
   url =       {http://www.dfki.de/~bauer/um-ws/}
}

% Fabiana - 30/marco
@InProceedings{Billsus&Pazzani1999,
   author =    {Billsus, D. and Pazzani, M.},
   title =     {A Hybrid User Model for News Story Classification},
   booktitle = {Proceedings of the Seventh International Conference on User Modeling, UM '99},
   address =   {Banff, Canada},
   year =      {1999},
   url =       {http://www.ics.uci.edu/~pazzani/Publications/}
}

% Ana (por Vinicius) 16/06/2010
@inproceedings{Bird+2009,
   Author = {Christian Bird and Earl Barr and   Andre Nash and Premkumar Devanbu and Vladimir Filkov   and Zhendong Su},
   Title = {{Structure and Dynamics of Research Collaboration in Computer Science} },
   Booktitle = {Proceedings of the Ninth SIAM International Conference on Data Mining},
   Pages = {826--837},
   Publisher = {SIAM},
   Year = {2009},
   Location = {Sparks, Nevada, USA}
}

% ana fev 10 (por Vinicius)
@Book{Bittencourt2001,
 author = {G. Bittencourt},
 title = {Intelig\^encia Artificial: Ferramentas e Teorias},
 publisher = {Editora da UFSC},
 year = {2001},
 address = {Florian\'opolis},
 edition = {2a.}
}

% Monireh - 07/2011
@InProceedings{Bitting&Ghorbani2004,
  author =       {Bitting, E. and Ghorbani, A.A.},
  title =        {Cooperative Multiagent Systems for the Optimization of Urban Traffic},
  booktitle =    {Proceedings of the IEEE/WIC/ACM International Conference on Intelligent Agent Technology},
  publisher =    {IEEE},
  year =         {2004},
  pages =        {176--182}
}

% TOYAMA 14/06/2005
@InProceedings{Blomberg+2000,
   author =       {Blomberg, Richard. and Jordan, Gihon. and Killingsworth, Ricahrd. and Konheim, Carolyn},
   title =        {Pedestrian Transportation: A Look Forward},
   booktitle =    {Committee on Pedestrians A3B04},
   year =         {2000},
   editor =       {Schwartz, Willina L.},
   address =      {Washington DC},
   month =        {Janeiro},
   organization = {Transportation REsearch Board Annual Meeting},
   publisher =    {Cambridge Systems, Inc.}
}

% ana jan 12
@TechReport{Blume1996,
  author={Lawrence Blume},
  title={Population Games},
  year=1996,
  institution={EconWPA},
  type={Game Theory and Information},
  optnote={manuscript dated dez 1995},
}

%Paulo Becker, 31/08/05
@Article{Bobrow1984,
   author =   {Bobrow, D. G.},
   title =    {Qualitative Reasoning about Physical Systems: an Introduction},
   journal =  {Artificial Intelligence},
   year =     {1984},
   volume =   {24},
   number =   {1--3},
   pages =    {1--5},
   month =    {December}
}

%Denise 02/2006
@inproceedings{Boillot+1992,
   author =    {F. Boillot and J.M. Blosseville and J.B. Lesort and V. Motyka and M. Papageorgiou and S. Sellam},
   title =     {Optimal Signal Control of Urban Traffic Networks},
   booktitle = {Proceedings of Sixth International Conference on Road Traffic Monitoring and Control},
   publisher = {IEE London},
   year =      {1992},
   pages =     {75--79}
}

% fabiana - 02/06/2008
@InCollection{Bojduj+2006,
   author = {Brett Bojduj and Ben Weber and Dennis Taylor},
   title =  {A Framework for Truth Maintenance in Multi-Agent Systems},
   booktitle = {Operations Research Proceedings},
   year =   {2006},
   volume = {VII},
   pages =  {403--408},
   editor = {McCaskill, John S. and Packard, Norman H. and Rasmussen, Steen},
   publisher = {Springer Berlin Heidelberg}
}

%%Denise 15/06/05
@inproceedings{Bonabeau+1997,
   author =    {Bonabeau, Eric and Sobkowski, Andrej and Theraulaz, Guy and Deneubourg, Jean-Luis},
   title =     {Adaptive Task Allocation Inspired by a Model of Division of Labor in Social Insects},
   year =      {1997},
   pages =     {36--45},
   booktitle = {Proceedings of Biocomputing and Emergent Computation},
   url =       {citeseer.nj.nec.com/bonabeau98adaptive.html},
   editor =    {Dan Lundh and Bjorn Olsson and Ajit Narayanan},
   publisher = {[S.l.], World Scientific}
}

% alterado por boffo 29/12/2006
@book{Bonabeau+1999,
   author =    {Bonabeau, E. and Theraulaz, G. and Dorigo, M.},
   title =     {Swarm Intelligence: From Natural to Artificial Systems},
   publisher = {Oxford University Press},
   address =   {New York, USA},
   pages =     {307},
   year =      {1999}
}

@article{Bonabeau+2000,
   author =  {Bonabeau, E. and Dorigo, M. and Theraulaz, G.},
   title =   {Inspiration for Optimization From Social Insect Behaviour},
   journal = {Nature},
   year =    {2000},
   pages =   {39--42},
   month =   {July}
}

@incollection{Bond&Gasser1988,
   author =    {Bond, A. H. and Gasser, L.},
   title =     {Readings in Distributed Artificial Intelligence},
   booktitle = {Readings in Distributed Artificial Intelligence},
   publisher = {Morgan Kaufmann},
   year =      {1988},
   address =   {San Mateo, California}
}

@inproceedings{Bonsall&Parry1990,
   author =    {Bonsall, P.W. and Parry, T.},
   title =     {A Computer Simulation Game to Determine Drivers Reaction to Route Guidance Advice},
   booktitle = {18th Summer Annual Meeting of PTRC, Seminar H},
   year =      {1990},
   pages =     {113--124},
   publisher = {PTRC},
   address =   {London}
}

@article{Bonsall&Parry1991,
   author =  {Bonsall, P. W. and T. Parry},
   title =   {Using an Interactive Route-Choice Simulator to Investigate Driver's Compliance with Route Guidance Advice},
   journal = {Transportation Research Record},
   pages =   {59-68},
   year =    {1991},
   volume =  {1306}
}

@article{Bonsall1992,
   author =  {Bonsall, P. W.},
   title =   {The Influence of Route Guidance Advice on Route Choice in Urban Networks},
   journal = {Transportation},
   year =    {1992},
   volume =  {19},
   number =  {1}
}

@article{Bonsall+1997,
   author =  {Bonsall, P.W. and Firmin, P. and Anderson, M. and Palmer, I. and Balmforth, P.},
   title =   {Validating the Results of a Route Choice Simulator},
   journal = {Transportation Research C},
   year =    {1997},
   volume =  {5},
   pages =   {371--387},
   note =    {Elsevier, Oxford}
}

@incollection{Bordini+1997,
   author =    {Bordini, R. H. and Campbell, J. A. and Vieira, R.},
   title =     {Ascription of Intensional Ontologies in Anthropological Cooperative Information Systems},
   booktitle = {Proc of the First Int. Workshop on Cooperative Information Agents},
   publisher = {Springer},
   year =      {1997},
   editor =    {Kandzia, P. and Klusch, M.},
   number =    {1202},
   series =    {LNAI},
   pages =     {235--247}
}

@phdthesis{Bordini1999,
   author = {Bordini, R. H.},
   title =  {Contributions to an Anthropological Approach to the Cultural Adaptation of Migrant Agents},
   school = {University of London},
   year =   {1999}
}

% Vini­cius  10/09
@Book{Bordini+2007,
 author =       {Bordini, Rafael H. and H{\"u}bner, Jomi Fred and Wooldridge, Michael},
 title =        {Programming Multi-Agent Systems in AgentSpeak Using {\textbf{\textit{Jason}}}},
 year =         {2007},
 series =       {Wiley Series in Agent Technology},
 isbn =         {0470029005},
 isbn13 =       {978-0470029008},
 publisher =    {John Wiley {\&} Sons}
}

% ana out 12
@Article{Borgers&Sarin1997,
  author={B\"orgers, Tilman and Sarin, Rajiv},
  title={Learning Through Reinforcement and Replicator Dynamics},
  journal={Journal of Economic Theory},
  year=1997,
  volume={77},
  number={1},
  pages={1--14},
  month={November}
}

% ana out 11
@article{Bornholdt&Rohlf2000,
  title = {Topological Evolution of Dynamical Networks: Global Criticality from Local Dynamics},
  month = {Jun},
  doi = {10.1103/PhysRevLett.84.6114},
  author = {Bornholdt, Stefan and Rohlf, Thimo},
  year = {2000},
  issue = {26},
  url = {http://link.aps.org/doi/10.1103/PhysRevLett.84.6114},
  journal = {Phys. Rev. Lett.},
  publisher = {American Physical Society},
  pages = {6114--6117},
  volume = {84}
}

%mariana ago 2011 (do antigo bioinfo.tex)
@article{Borodovsky&McInich1993, 
 AUTHOR = {Borodovsky, M. and McIninch, J. D.}, 
 TITLE = {{GENEMARK}: Parallel gene recognition for both DNA strands}, 
 JOURNAL = {Computers \& Chemistry}, 
 VOLUME = {17}, 
 NUMBER = {19}, 
 PAGES = {123--133}, 
 YEAR = {1993} 
} 

@article{Botee&Bonabeau1998,
   author =  {Botee, H. and Bonabeau, E.},
   title =   {Evolving Ant Colony Optimization},
   journal = {Advanced Complex Systems},
   year =    {1998},
   volume =  {1},
   pages =   {149--159},
   url =     {http://citeseer.nj.nec.com/botee98evolving.html}
}

@inproceedings{Bottom+1998,
 author = {Bottom, J. and M. Ben-Akiva and M. Bierlaire and I. Chabini},
 title = {Generation of consistent anticipatory route guidance},
  booktitle = 	 {Proceedings of TRISTAN III},
  year = 	 {1998},
  key =		 {TRISTAN},
  volume =	 {2},
  address =	 {San Juan, Puerto Rico},
  month =	 {June}
}

@inproceedings{Bottom+1999,
   author =    {Bottom, J. and Ben-Akiva, M. and Bierlaire, M. and Chabini, I. and Koutsopoudos, H. and Yang, Q.},
   title =     {Investigation of Route Guidance Generation Issues by Simulation with DynaMIT},
   booktitle = {Proceedings of the 14th International Symposium on Transportation and Traffic Theory},
   year =      {1999},
   editor =    {Ceder, A.},
   pages =     {577--600},
   publisher = {Pergamon},
   address =   {Amsterdam}
}

@inproceedings{Boutilier1999,
   author =    {Boutilier, Craig},
   title =     {Sequential Optimality and Coordination in Multiagent Systems},
   booktitle = {Proceedings of the Sixteenth International Joint Conference on Artificial Intelligence},
   year =      {1999},
   pages =     {478--485},
   publisher = {Morgan Kaufmann Publishers Inc.}
}

%ana out 07
@article{Boutilier+1999,
title = {Decision-Theoretic Planning: Structural Assumptions and Computational Leverage.},
author = {Craig Boutilier and Thomas Dean and Steve Hanks},
journal = {J. Artif. Intell. Res. (JAIR)},
pages = {1--94},
url = {http://dblp.uni-trier.de/db/journals/jair/jair11.html#BoutilierDH99},
volume = {11},
year = {1999}
} 

%ana out 07
@Article{Bowles&Gintis2004,
author = {Bowles, S.  and Gintis, H. },
	issn = {0040-5809},
	journal = {Theoretical Population Biology},
	month = {February},
	number = {1},
	pages = {17--28},
	publisher = {Elsevier Science},
	title = {The evolution of strong reciprocity: cooperation in heterogeneous populations},
	url = {http://dx.doi.org/10.1016/j.tpb.2003.07.001 },
	volume = {65},
	year = {2004}
}

%ana jan 07
@inproceedings{Bowling&Veloso2001,
   author =    {Michael H. Bowling and Manuela M. Veloso},
   title =     {Rational and Convergent Learning in Stochastic Games},
   booktitle = {Proceedings of the Seventeenth International Joint Conference on Artificial Intelligence},
   address =   {Seattle},
   editor =    {Bernhard Nebel},
   year =      {2001},
   pages =     {1021--1026},
   publisher = {Morgan Kaufmann}
}

%denise 12/2009
@article{Bowling&Veloso2002,
 author= {Michael Bowling and Manuela Veloso},
 title = {Multiagent learning using a variable learning rate},
 journal = {Artificial Intelligence},
 volume = {136},
 number = {2},
 year = {2002},
 issn = {0004-3702},
 pages = {215--250},
 publisher = {Elsevier},
 address = {Essex, UK},
 }

%Daniel 05/09
@MISC{Bowman&BenAkiva1996,
 author =       {J. L. Bowman and M. Ben-Akiva},
 title =        {Acitvity-Based Travel Forecasting},
 howpublished = {www.jbowman.net/papers/bba97.pdf},
 year =         {1996},
 note =         {Transcript of a tutorial on activity based travel forecasting, taught at a conference with the same name in New Orleans, June,2, 1996},
}

% Anderson 06/11/2011 - ajustado 12/07/2012
@techreport{Boxill&Yu2000,
  title = {An Evaluation of Traffic Simulation Models for Supporting ITS Development},
  author = {Boxill, Sharon Adams and Yu, Lei},
  institution = {Center for Transportation Training and Research, Texas Southern University},
  year = {2000}
}


%ana mar 11
@article{Boyd&Richerson1990,
    author = {Boyd, R. and Richerson, P. J.},
    journal = {Journal of Theoretical Biology},
    title = {{Group selection among alternative evolutionarily stable strategies.}},
    volume = {145},
    pages = {331--342},
    year = {1990}
}

% ana mar 11
@article{Boyd&Richerson2002,
    author = {Boyd, Robert and Richerson, Peter J.},
    journal = {Journal of Theoretical Biology},
    pages = {287--296},
    title = {{Group Beneficial Norms Can Spread Rapidly in a Structured Population}},
    volume = {215},
    year = {2002}
}

@article{Brackstone&McDonald2000,
   author =  {Brackstone, M. and McDonald, M.},
   title =   {Car--following: a Historical Review},
   journal = {Transportation Res. F},
   year =    {2000},
   volume =  {2},
   pages =   {181--196}
}

@article{Braess1968,
   author =  {Braess, D.},
   title =   {{\"U}ber ein {P}aradoxon aus der {V}erkehrsplanung},
   journal = {Unternehmensforschung},
   year =    {1968},
   volume =  {12},
   pages =   {258}
}

% ana jan 2010
@inproceedings{Brafman&Tennenholtz2002,
 author = {Ronen I. Brafman and Moshe Tennenholtz},
 title = {Efficient Learning Equilibrium},
 booktitle = {NIPS},
 pages = {1603-1610},
 year = {2002}
}

@article{Brandenburger1992,
   author =  {Brandenburger, A.},
   title =   {Knowledge and Equilibrium in Games},
   journal = {Journal of Economic Perspectives},
   year =    {1992},
   volume =  {6},
   number =  {4},
   pages =   {83--101}
}

% ana fev. 2008
@article{Brandt+2003,
   author =   {Brandt, H.  and Hauert, C.  and Sigmund, K. },
   doi =      {10.1098/rspb.2003.2336},
   issn =     {0962-8452},
   journal =  {Proc Biol Sci},
   keywords = {cooperation, public\_goods, punishment, reputation, spatial},
   month =    {May},
   number =   {1519},
   pages =    {1099--1104},
   priority = {2},
   title =    {Punishment and reputation in spatial public goods games},
   url =      {http://dx.doi.org/10.1098/rspb.2003.2336},
   volume =   {270},
   year =     {2003}
}

%mariana maio 2012
@article{Breiman1996,
	Author = {Leo Breiman},
	Journal = {Machine Learning},
	Number = {2},
	Pages = {123-140},
	Title = {Bagging predictors},
	Volume = {24},
	Year = {1996}
}

@article{Breiman2001,
	Author = {Leo Breiman},
	Journal = {Machine Learning},
	Number = {1},
	Pages = {5-32},
	Title = {Random forests},
	Volume = {45},
	Year = {2001}
}

% Fabiana 18/10/2005
@InProceedings{Bridge&Ferguson2002,
   author =    {Bridge, D. and Ferguson, A.},
   title =     {Diverse Product Recommendations using an Expressive Language for Case Retrieval, Advances in Case-Based Reasoning},
   booktitle = {Proceedings of the 6th European Conference on Case--Based Reasoning},
   year =      {2002},
   editor =    {S. Craw and A. Preece},
   pages =     {43-57},
   address =   {Aberdeen, Scotland},
   series =    {Lecture Notes in Artificial Intelligence},
   month =     {September},
   publisher = {Springer Verlag}
}

% TOYAMA 06/2005
@Book{Brock1979,
   author =    {Brock, Thomas D.},
   editor =    {Palazzo-Craing, Janet},
   title =     {Biology of Microorganisms},
   publisher = {Prentice Hall},
   year =      {1979}
}

%ana maio 08
@Article{Brockfeld+2001,
  title = {Optimizing traffic lights in a cellular automaton model for city traffic},
  author = {Brockfeld, Elmar  and Barlovic, Robert  and Schadschneider, Andreas  and Schreckenberg, Michael },
  journal = {Phys. Rev. E},
  volume = {64},
  number = {5},
  pages = {056132},
  numpages = {12},
  year = {2001},
  month = {Oct},
  doi = {10.1103/PhysRevE.64.056132},
  publisher = {American Physical Society}
}

@article{Brooks1991,
   author =  {Brooks, R. A.},
   title =   {Intelligence without Representation},
   journal = {Artificial Intelligence},
   year =    {1991},
   volume =  {47},
   pages =   {139--159}
}

% ana fev. 10 (por Vinicius)
@article{Brooks1986,
   author = {Brooks, R.},
   booktitle = {Robotics and Automation, IEEE Journal of},
   journal = {Robotics and Automation, IEEE Journal of},
   month = {January},
   number = {1},
   pages = {14--23},
   title = {A robust layered control system for a mobile robot},
   volume = {2},
   year = {1986}
}

@InCollection{Brown1951,
   author =    {Brown, G. W.},
   title =     {Iterative Solutions of Games by Fictitious Play},
   booktitle = {Activity Analysis of Production and Allocation},
   publisher = {Wiley},
   year =      {1951},
   editor =    {T.C. Koopmans}
}

%mariana ago 2011 (do antigo bioinfo.tex)
@article{ Brown+1998, 
 AUTHOR = { Brown, N. P. and Leroy, C. and Sander, C.}, 
 TITLE = {{MView}: A Web compatible database search or multiple alignment viewer}, 
 JOURNAL = {Bioinformatics}, 
 VOLUME = {14}, 
 PAGES = {380--381}, 
 YEAR = {1998}, 
} 

%mariana junho/2011
@book{Brown2002,
  author = {T. A. Brown},
  title = {Genomes},
  edition = {2},
  year = {2002},
  publisher = {Oxford: Wiley-Liss},
}

%paulo ferreira may 2008
@ARTICLE{Brucker+1999,
	AUTHOR={Brucker, Peter and Drexl, Andreas and Mohring, Rolf and Neumann, Klaus and Pesch, Erwin},
	TITLE={Resource-constrained project scheduling: Notation, classification, models, and methods},
	JOURNAL={European Journal of Operational Research},
	YEAR=1999,
	VOLUME={112},
	NUMBER={1},
	PAGES={3-41},
	MONTH={January}
}

%paulo ferreira may 2008
@Article{Brucker&Knust2000,
 author = {Brucker, Peter and Knust, Sigrid},
 title = {A linear programming and constraint propagation-based lower bound for the RCPSP},
 journal = {European Journal of Operational Research},
 year = {2000},
 volume = {127},
 number = {2},
 pages = {355-362},
 month = {December}
}

@article{Brunnet&Goncalves1997,
   author =  {Brunnet, L. G. and Gon\c calves, S.},
   title =   {Cellular Automaton Block Model of Traffic in a City},
   journal = {Physica A},
   year =    {1997},
   volume =  {237},
   pages =   {59--66}
}

@InCollection{Bryson+2000, 
  author = 	 {Bryson, K. and Luck,  M. and Joy,  M. and Jones,  D.}, 
  title = 	 {Applying agents to bioinformatics in {GeneWeaver}}, 
  booktitle = 	 {Proc. of the Fourth Int. Workshop on Collaborative Information Agents}, 
  publisher = {Springer}, 
  year = 	 {2000}, 
  series = 	 {Lect. Notes in Computer Science} 
} 

% Monireh - 07/2011
@TechReport{Bsoniu+2005,
  author =       {Bsoniu, L. and Schutter, B.D and Babuska, R.},
  title =        {Learning and coordination in dynamic multiagent systems},
  type =         {Technical report 05-019},
  institution =  {Delft University of Technology},
  year =         {2005},
  address =      {Delft, The Netherlands},
}

%mariana ago 2011 (do antigo bioinfo.tex)
@InProceedings{Bucher&Bairoch1994, 
  author = 	 {Bucher, P. and Bairoch, A.}, 
  title = 	 {A generalized profile syntax for biomolecular sequences motifs and its function in automatic sequence interpretation}, 
  booktitle = 	 { Proceedings 2nd International Conference on Intelligent Systems for Molecular Biology (ISMB-94)}, 
  pages =	 {53--61}, 
  year =	 {1994}, 
  editor =	 {Altman R. and Brutlag D. and Karp P. and Lathrop R. and Searls D.}, 
  address =	 {Menlo Park}, 
  publisher =	 {AAAI Press}, 
} 

@article{Buerckert+2000,
   author =  {B\"{u}erckert, H. J. and Fischer, K. and Vierke, G.},
   title =   {Holonic Transport Scheduling with {TELETRUCK}},
   journal = {Appl. Art. Int.},
   year =    {2000},
   volume =  {14},
   pages =   {697--725}
}

% Fabiana - 17/11/05
@article{Buffett+2004,
   author =  {Buffett, S. and Keping, J. and Liu, S. and Spencer, B. and Wang, F.},
   title =   {Negotiating Exchanges of P3P-Labeled Information for Compensation},
   journal = {Computational Intelligence},
   year =    {2004},
   volume =  {20},
   number =  {4},
   pages =   {663--677}
}

%ana mar/07
@InCollection{Bull+2004,
   author =    {L. Bull and J. Sha'Aban and A. Tomlinson and J. D. Addison and B. G. Heydecker},
   title =     {Towards Distributed Adaptive Control for Road Traffic Junction Signals using Learning Classifier Systems},
   booktitle = {Applications of Learning Classifier Systems},
   publisher = {Springer},
   year =      {2004},
   editor =    {Bull, Larry},
   number =    {150},
   pages =     {276--299},
   series =    {Studies in Fuzziness and Soft Computing}
}

%denise 10.06
@article{Bullnheimer+1999,
   title =     {An improved Ant System Algorithm for the Vehicle Routing Problem},
   author =    {Bullnheimer, B. and Hartl, RF and Strauss, C.},
   journal =   {Annals of Operations Research},
   volume =    {89},
   pages =     {319--328},
   year =      {1999},
   publisher = {Springer}
}

% ana mar 11
@Article{Buriol+2010,
  author =      {Luciana S. Buriol and Michael J. Hirsh and Panos M. Pardalos and Tania Querido and Mauricio G.C. Resende and Marcus Ritt},
  title =      {A biased random-key genetic algorithm for road congestion minimization},
  journal =      {Optimization Letters},
  year =      {2010},
  volume =     {4},
  pages =     {619--633}
}

% Fabiana - 17/11/05
@InProceedings{Burke2000,
   author =    {Robin Burke},
   booktitle = {Proceedings of the 5th European workshop on Case-Based Reasoning, Advances in Case-Based Reasoning},
   title =     {A Case-Based Approach to Collaborative Filtering},
   publisher = {Springer},
   editor =    {E. Blanzieri and L. Portinale},
   series =    {Lecture Notes in Artificial Intelligence},
   pages =     {370--379},
   month =     {September},
   year =      {2000}
}

% Fabiana - 30/03/2007
@InCollection{Burke2000ELIS,
   author =    {Robin Burke},
   title =     {Knowledge-based Recommender Systems},
   booktitle = {Encyclopedia of Library and Information Science},
   publisher = {Marcel Dekker},
   year =      {2000},
   editor =    {Jay E. Daily and Allen Kent and Harold Lancour},
   volume =    {69}
}

% Fabiana - 29/02/2008
@article{Burke2002,
 author = {Robin Burke},
 title = {Hybrid Recommender Systems: Survey and Experiments},
 journal = {User Modeling and User-Adapted Interaction},
 volume = {12},
 number = {4},
 year = {2002},
 issn = {0924-1868},
 pages = {331--370},
 publisher = {Kluwer Academic Publishers},
 address = {Hingham, MA, USA},
}

%denise 06/2007
@INPROCEEDINGS{Burkov&Chaibdraa2007,
   author = {Andriy Burkov and Brahim Chaib-draa},
   title = {Multiagent Learning in Adaptive Dynamic Systems},
   booktitle = {Proceedings of the 6th International Conference on Autonomous Agents and Multiagent Systems (AAMAS)},
   year = {2007}
}

@incollection{Burmeister+1993,
   author =    {Burmeister, B. and Haddadi, A. and Sundermeyer, K.},
   title =     {Configurable Cooperation Protocols for Multi-Agent Systems},
   booktitle = {Lect. Notes in Art. Int.},
   publisher = {Spriger--Verlag},
   year =      {1993},
   pages =     {957}
}

@inproceedings{Burmeister+1996,
   author =    {Burmeister, B. and Doormann, J. and Matylis, G.},
   title =     {{A}genten-{O}rientierte {V}erkehrssimulation},
   booktitle = {Workshop Multi--Agent Systems and Simulation},
   year =      {1996},
   editor =    {ASIM},
   address =   {Ulm}
}

@article{Burmeister+1997,
 author =    {Burmeister, B. and Doormann, J. and Matylis, G.},
 title =     {Agent-Oriented Traffic Simulation},
 journal =   {Transactions of the Society for Computer Simulation},
 year =      {1997},
 volume =    {14},
 number =    {2},
 publisher = {Society for Computer Simulation International},
 address =   {San Diego, CA, USA},
 pages =     {79--86}
}

% TOYAMA-24/02/2005
@inproceedings{Burstedde+2001,
   author =    {Burstedde, A. and Kirchner, A. and Klauck, K. and Schadschneider, A. and Zittartz, J.},
   title =     {Cellular Automaton Approach to Pedestrian Dynamics - Applications},
   booktitle = {Pedestrian and Evacuation Dynamics},
   year =      {2002},
   isbn =      {3-540-42690-6},
   pages =     {87--97},
   location =  {K\"{o}ln, Germany},
   editor =    {M. Schreckenberg and S. Deo Sharma},
   publisher = {Springer-Verlag New York}
}

% TOYAMA-24/02/2005
@Article{Burstedde+2001a,
   author =  {Burstedde, C. and Klauck, K. and Schadschneider, A. and Zittartz, J.},
   title =   {Simulation of Pedestrian Dynamics using a Two-dimensional Cellular Automaton},
   journal = {Physica A: Statistical Mechanics and its Applications},
   year =    {2001},
   volume =  {295},
   pages =   {507--525},
   month =   {June}
}

@inproceedings{Busch&Kruse1993,
   author =    {Busch, F. and Kruse, G.},
   title =     {{MOTION} - {E}in neues {V}erfahren f\"ur die {S}t\"adtische {L}ichtsignalsteurung und seine {E}rprobung im {R}ahmen des {EG--P}rogramms {ATT}},
   booktitle = {Heureka 93},
   year =      {1993},
   pages =     {79--93}
}

%Anderson Rocha fev 2012
@article{Busoniu+2008,
  title={A comprehensive survey of multiagent reinforcement learning},
  author={Bu\c{s}oniu, L. and Babuska, R. and De Schutter, B.},
  journal={Systems, Man, and Cybernetics, Part C: Applications and Reviews, IEEE Transactions on},
  volume={38},
  number={2},
  pages={156--172},
  year={2008},
  publisher={IEEE}
}

@article{Butte&Kohane2000,
    author = {Atul J. Butte and Isaac S. Kohane and I. S. Kohane},
    title = {Mutual Information Relevance Networks: Functional Genomic Clustering Using Pairwise Entropy Measurements},
    journal = {Pacific Symposium on Biocomputing},
    year = {2000},
    volume = {5},
    pages = {415--426}
}
