@INPROCEEDINGS{BazzanFSAEREIPD,
	AUTHOR		= "Bazzan, Ana Lúcia C. and Bordini, Rafael H.",
	TITLE		= "A Framework for the Simulation of Agents with
				Emotions: Report on Experiments with the
				Iterated Prisoner's Dilemma",
	BOOKTITLE	= "The Fifth International
				Conference on Autonomous (Agents 2001),
				\mbox{28 May -- 1 June}, Montreal, Canada",
	YEAR		= "2001",
	NOTE		= "To appear."	}

@INCOLLECTION{BazzanEAMSIPDE-K,
	AUTHOR		= "Bazzan, Ana L.C. and Bordini, Rafael H. and
				Campbell, John A.",
	TITLE		= "Evolving Agents with Moral Sentiments in an
				Iterated Prisoner's Dilemma Exercise",
	BOOKTITLE	= "Game Theory and Decision Theory in Agent-Based
				Systems",
	PUBLISHER	= "Kluwer Academic Publishers",
	YEAR		= "2001",
	EDITOR		= "Parsons, Simon and Gmytrasiewicz, Piotr and
				Wooldridge, Michael ",
	CHAPTER		= "",
	PAGES		= "",
	ADDRESS		= "",
	NOTE		= "To appear.",
	RHBURL		= "IPD_GA-K-CR.ps.gz"	}

@INPROCEEDINGS{BazzanWACSpmgUKMASS,
	AUTHOR		= "Bazzan, Ana L.C. and Bordini, Rafael H. and
				Andriotti, Gustavo K. and Vicari, Rosa and
				Wahle, Joachim",
	TITLE		= "Wayward Agents in a Commuting Scenario
				(Personalities in the Minority Game)",
	BOOKTITLE	= "Working Notes of the Third UK Workshop on Multi-Agent
				Systems (UKMAS 2000)",
	YEAR		= "2000",
	EDITOR		= "{d'Inverno}, Mark and Luck, Michael",
	ADDRESS		= "St. Catherine's College, Oxford",
	NOTE		= "Reprinted as in ICMAS'2000 proceedings",
	RHBURL		= "WACSpmg-CR.ps.gz"	}

%INPROCEEDINGS{RossettiASSCSUBDIAIDM,
%	AUTHOR		= "Rossetti, Rosaldo J.F. and Bordini, Rafael H. and
%				Bazzan, Ana L.C. and Bampi, Sergio",
%	TITLE		= "An {AgentSpeak(L)} Specification of a Commuter
%				Scenario: Using {BDI} Agents to Improve Driver
%				Modelling",
%	BOOKTITLE	= "{\textbf{Submitted to}} The Fifth International
%				Conference on Autonomous (Agents 2001),
%				\mbox{28 May -- 1 June}, Montreal, Canada",
%	YEAR		= "2001"	}

% Submitted also to the IEEE SMC Special Issue
% "Socially Intelligent Agents - the Human in the Loop"
%INPROCEEDINGS{BazzanFSAEREIPD,
%	AUTHOR		= "Bazzan, Ana Lúcia C. and Bordini, Rafael H.",
%	TITLE		= "A Framework for the Simulation of Agents with
%				Emotions: Report on Experiments with the
%				Iterated Prisoner's Dilemma",
%	BOOKTITLE	= "{\textbf{Submitted to}} The Fifth International
%				Conference on Autonomous (Agents 2001),
%				\mbox{28 May -- 1 June}, Montreal, Canada",
%	YEAR		= "2001"	}


@INPROCEEDINGS{AndradePMCADBCSIV,
	AUTHOR		= "Andrade, Adja F. and Jaques, Patr{\'{\i}}cia A. and
				Vicari, Rosa M. and Bordini, Rafael H. and
				Jung, Jo{\~a}o Luis",
	TITLE		= "Uma Proposta de Modelo Computacional de Aprendizagem
				{\`a} Dist{\^a}ncia Baseada na Concep{\c{c}\~a}o
				Socio-Interacionista de {Vygotsky}",
	BOOKTITLE	= "II Workshop de Ambientes de Aprendizagem Baseados em
				Agentes, to be held with XI Simp{\'o}sio
				Brasileiro de Inform{\'a}tica na
				Educa{\c{c}\~a}o (SBIE 2000), 8-10 November,
				Macei{\'o}, Brazil",
	YEAR		= "2000",
	NOTE		= "URL:
	{\textless http://www.inf.pucrs.br/\~{}giraffa/sbie2000/\textgreater}",
	RHBURL		= "WorkshopSBIE00.ps.gz"	}

@INPROCEEDINGS{BazzanEPAPMG,
	AUTHOR		= "Bazzan, Ana L.C. and Bordini, Rafael H. and
				Vicari, Rosa and Wahle, Joachim",
	TITLE		= "Evolving Populations of Agents with Personalities
				in the Minority Game",
	BOOKTITLE	= "Proceedings of the International Joint
				Conference: 7th Ibero-American Conference on AI
				and 15th Brazilian Symposium on AI
				(IBERAMIA-SBIA 2000), 19-22 November,
				Atibaia-SP, Brazil",
	YEAR		= "2000",
	EDITOR		= "Monard, Maria Carolina and Sichman, Jaime Sim{\~a}o",
	NUMBER		= "1952",
	SERIES		= "Lecture Notes in Artificial Intelligence",
	PAGES		= "166--175",
	ADDRESS		= "Berlin",
	PUBLISHER	= "Springer-Verlag",
	RHBURL		= "MGMA-CR.ps.gz"	}

@INPROCEEDINGS{BazzanEAMSIPDE,
	AUTHOR		= "Bazzan, Ana L.C. and Bordini, Rafael H.",
	TITLE		= "Evolving Agents with Moral Sentiments in an
				Iterated Prisoner's Dilemma Exercise",
	BOOKTITLE	= "Proceedings of the Second Workshop on Game Theoretic
				and Decision Theoretic Agents, to be held in
				conjunction with the Fourth International
				Conference on Multi-Agent Systems (ICMAS'2000),
				10--12 July, Boston",
	YEAR		= "2000",
	EDITOR		= "Parsons, Simon and Gmytrasiewicz, Piotr",
	PAGES		= "13--25",
	RHBURL		= "IPD_GA-CR.ps.gz"	}
%	NOTE		= "To appear"
%	ADDRESS		= "",
%	PUBLISHER	= "",

@INPROCEEDINGS{WahleHFCS,
	AUTHOR		= "Wahle, Joachim and Bazzan, Ana L.C. and Bordini,
				Rafael H. and Schreckenberg, Michael",
	TITLE		= "Human Factors in a Commuter Scenario",
	BOOKTITLE	= "Engenharia de Tráfego e Transportes 2000:
				Avan{\c{c}}os para uma era Era de
				Mudan{\c{c}}as. Proceedings of the XI Congresso
				Panamericano de Engenharia de Tr{\^a}nsito e
				Transporte. Gramado, RS, Brazil, 19--23
				november 2000",
	YEAR		= "2000",
	EDITOR		= "Lindau, Luis Antonio and Ort{\'u}zar, Juan de Dios
				and Strambi, Orlando",
	ADDRESS		= "Rio de Janeiro, Brazil",
	PUBLISHER	= "Associa{\c{c}\~a}o Nacional de Pesquisa e Ensino
				em Tranportes",
	PAGES		= "327--338",
	RHBURL		= "PANAM_final.ps.gz"	}

@INPROCEEDINGS{WahleAPMGCS,
	AUTHOR		= "Wahle, Joachim and Bazzan, Ana L.C. and Bordini,
				Rafael H. and Schreckenberg, Michael",
	TITLE		= "Adding Personalities to the Minority Game:
				A Commuter Scenario",
	BOOKTITLE	= "229th WE-Heraeus-Seminar -- Economic Dynamics from
				the Physics Point of View, 27--30 March 2000",
	YEAR		= "2000",
	ADDRESS		= "Physikzentrum, Bad Honnef, Germany",
	NOTE		= "Abstract",
	RHBURL		= "wayward.ps.gz"	}

@INPROCEEDINGS{BazzanSAPCS,
	AUTHOR		= "Bazzan, Ana L.C. and Wahle, Joachim and
				Bordini, Rafael H.",
	TITLE		= "Simulating Agent Personalities in a
				Commuting Scenario",
	BOOKTITLE	= "Proceedings of the 14th Workshop of the ASIM
				Working Group: Multi-Agent Systems and
				Individual-Based Simulation, 20--21 March 2000,
				Bayerische Julius-Maximilians-Universit{\"a}t,
				W{\"u}rzburg, Germany",
	YEAR		= "2000",
	EDITOR		= "Kl{\"u}gl, Franziska and Puppe, Frank and
				Schwarz, Peter and Szczerbicka, Helena",
	PAGES		= "25--29",
	ANNOTE		= "Institute for Informatics RR--253",
	RHBURL		= "ASIM_efbp.ps.gz"	}

@INPROCEEDINGS{BazzanWACSpmg,
	AUTHOR		= "Bazzan, Ana L.C. and Bordini, Rafael H. and
				Andriotti, Gustavo K. and Vicari, Rosa and
				Wahle, Joachim",
	TITLE		= "Wayward Agents in a Commuting Scenario
				(Personalities in the Minority Game)",
	BOOKTITLE	= "Proceedings of the Fourth International Conference
				on Multi-Agent Systems (ICMAS'2000),
				10--12 July, Boston",
	YEAR		= "2000",
	EDITOR		= "Durfee, Edmund",
	PAGES		= "55--62",
	ADDRESS		= "Los Alamitos, CA",
	PUBLISHER	= "IEEE Computer Society",
	RHBURL		= "WACSpmg-CR.ps.gz"	}

@ARTICLE{BordMSIPDMAS,
        AUTHOR  = "Bordini, Rafael H. and Bazzan, Ana L. C. and Vicari,
			Rosa M. and Campbell, John A.",
        TITLE   = "Moral Sentiments in the Iterated Prisoner's Dilemma and in
			Multi-Agent Systems",
        JOURNAL = "Brazilian Electronic Journal of Economics",
        YEAR    = "2000",
        VOLUME  = "3",
        NUMBER  = "1",
        MONTH   = jun,
        NOTE    = "URL: {\textless http://www.beje.decon.ufpe.br/\textgreater}",
	RHBURL	= "MSIPDMAS-BEJE-CR.ps.gz"	}

@INPROCEEDINGS{BordEAIOTRADMAS-UKMAS,
        AUTHOR  	= "Bordini, Rafael H. and Campbell, John A. and
				Vieira, Renata",
        TITLE   	= "Extending Ascribed Intensional Ontologies with
				Taxonomical Relations in Anthropological
				Descriptions of Multi-Agent Systems",
	BOOKTITLE	= "Proceedings of the Second Workshop of the UK Special
				Interest Group on Multi-Agent Systems",
	YEAR		= "1999",
	EDITOR		= "Chris Preist",
	PAGES		= "179--201",
	ADDRESS		= "Hewlett-Packard Laboratories, Bristol",
	MONTH		= "6th--7th of December",
	NOTE		= "Reprinted abridged version of the JASSS paper." ,
	RHBURL		= "CR-eaiotradmasUKMAS.ps.gz"	}

@ARTICLE{BordEAIOTRADMAS,
        AUTHOR  = "Bordini, Rafael H. and Campbell, John A. and Vieira, Renata",
        TITLE   = "Extending Ascribed Intensional Ontologies with Taxonomical
			Relations in Anthropological Descriptions of
			Multi-Agent Systems",
        JOURNAL = "Journal of Artificial Societies and Social Simulation",
        YEAR    = "1998",
        VOLUME  = "1",
        NUMBER  = "4",
        MONTH   = Oct,
        NOTE    = "{\textless http://www.soc.surrey.ac.uk/JASSS/1/4/3.html\textgreater} (PDF
			version also available there). UCL-CS [RN/98/118].",
	RHBURL	= "eaiotradmasCR600.ps.gz",
	RHBURLNOTE	= "(Please access the paper on-line {\htmladdnormallink{here}{http://www.soc.surrey.ac.uk/JASSS/1/4/3.html}}.
			There is also a PDF version available there.)"	}
%	ANNOTE	= "PS version at URL:
%	\mbox{\texttt{http://www.cs.ucl.ac.uk/staff/R.Bordini}}"

@PHDTHESIS{BordPhDT,
	AUTHOR	= "Bordini, Rafael Heitor",
	TITLE	= "Contributions to an Anthropological Approach to the
			Cultural Adaptation of Migrant Agents",
	SCHOOL	= "University of London",
	YEAR	= "1999",
	RHBURL	= "http://www.inf.ufrgs.br/\~{}bordini/PhDThesis.html"	}
%	YEAR	= "1998",
%	NOTE	= "To appear."	}
%	TYPE	= ""
%	ADDRESS	= ""
%	MONTH	= ""

@INPROCEEDINGS{BazzanMSMAS,
	AUTHOR		= "Bazzan, Ana L. C. and Bordini, Rafael H. and
				Campbell, John A.",
	TITLE		= "Moral Sentiments in Multi-Agent Systems",
	BOOKTITLE	= "Intelligent Agents~V---Proceedings of the
				Fifth International Workshop on Agent
				Theories, Architectures, and Languages
				(ATAL-98), held as part of the Agents' World,
				Paris, 4--7 July, 1998",
	YEAR		= "1999",
	EDITOR		= "M{\"u}ller, J{\"o}rg P. and Singh, Munindar P. and
				Rao, Anand S.",
	NUMBER		= "1555",
	SERIES		= "Lecture Notes in Artificial Intelligence",
	PAGES		= "113--131",
	ADDRESS		= "Heidelberg",
	PUBLISHER	= "Springer-Verlag",
	NOTE		= "UCL-CS [RN/98/29].",
	RHBURL		= "MSMAS-CR-SV600.ps.gz"	}

%INPROCEEDINGS{BazzanMSMAS,
%	AUTHOR		= "Bazzan, Ana L. C. and Bordini, Rafael H. and
%				Campbell, John A.",
%	TITLE		= "Moral Sentiments in Multi-Agent Systems",
%	BOOKTITLE	= "Intelligent Agents~V---Proceedings of the
%				Fifth International Workshop on Agent
%				Theories, Architectures, and Languages
%				(ATAL-98), held as part of the Agents' World,
%				Paris, 4--7 July, 1998",
%	YEAR		= "1999",
%	EDITOR		= "M{\"u}ller, J{\"o}rg P. and Singh, Munindar P. and
%				Rao, Anand S.",
%	NUMBER		= "1555",
%	SERIES		= "Lecture Notes in Artificial Intelligence",
%	PAGES		= "113--131",
%	ADDRESS		= "Heidelberg",
%	PUBLISHER	= "Springer-Verlag",
%	NOTE		= "UCL-CS [RN/98/29]. URL: 
%	\mbox{\texttt{http://www.cs.ucl.ac.uk/staff/R.Bordini}}"	}

%INPROCEEDINGS{BazzanMSMAS,
%	AUTHOR		= "Bazzan, Ana L. C. and Bordini, Rafael H. and
%				Campbell, John A.",
%	TITLE		= "Moral Sentiments in Multi-Agent Systems",
%	BOOKTITLE	= "Proceedings of the 5th International Workshop
%				on Agents Theories, Architectures, and
%				Languages (ATAL-98), part of the Agents' World",
%	YEAR		= "1998",
%	ADDRESS		= "Cite des Sciences - La Villette, Paris, France",
%	MONTH		= "4--7 July",
%	NOTE		= "UCL-CS [RN/98/29]. URL: 
%	\mbox{\texttt{http://www.cs.ucl.ac.uk/staff/R.Bordini}}"	}
%INPROCEEDINGS{BazzanMSIPD,
%	AUTHOR		= "Bazzan, Ana L. C. and Bordini, Rafael H. and
%				Campbell, John A.",
%	TITLE		= "Moral Sentiments in the Iterated Prisoner's Dilemma",
%	BOOKTITLE	= "Submitted to the Third International Conference on
%				Multi-Agent Systems (ICMAS'98)",
%	YEAR		= "1998",
%	ADDRESS		= "Cite des Sciences - La Villette, Paris, France",
%	MONTH		= "3--8 July",
%	NOTE		= "URL: 
%	\mbox{\texttt{http://www.cs.ucl.ac.uk/staff/R.Bordini}}"	}

@INPROCEEDINGS{BazzanAMSIPDE,
	AUTHOR		= "Bazzan, Ana L. C. and Bordini, Rafael H. and
				Campbell, John A.",
	TITLE		= "Agents with Moral Sentiments in an Iterated
				Prisoner's Dilemma Exercise",
	BOOKTITLE	= "Proceedings of the AAAI Fall Symposium on Socially
				Intelligent Agents, 8--10 November,
				Cambridge, MA",
	YEAR		= "1997",
	EDITOR		= "Dautenhahn, Kerstin and Masthoff, Judith and
				Numaoka, Chisato",
	PAGES		= "4--6",
	ADDRESS		= "Menlo Park, CA",
	PUBLISHER	= "AAAI Press",
	NOTE		= "AAAI Press Technical Report FS-97-02. UCL-CS
				[RN/97/74]. ",
	ANNOTE		= "URL:
	\mbox{\texttt{http://www.cs.ucl.ac.uk/staff/R.Bordini}}",
	RHBURL		= "AMSIPDE-EV-600.ps.gz"	}

@INPROCEEDINGS{BordAIOADMAS,
	AUTHOR		= "Bordini, Rafael H. and Campbell, John A. and
				Vieira, Renata",
	TITLE		= "Ascription of Intensional Ontologies in
				Anthropological Descriptions of Multi-Agent
				Systems",
	BOOKTITLE	= "Proceedings of the First International Workshop on
				Cooperative Information Agents (CIA'97),
				26--28 February, Kiel, Germany",
	YEAR		= "1997",
	EDITOR		= "Kandzia, Peter and Klusch, Matthias",
	VOLUME		= "1202",
	SERIES		= "Lecture Notes in Artificial Intelligence",
	PAGES		= "235--247",
	ADDRESS		= "Berlin",
	PUBLISHER	= "Springer-Verlag",
	NOTE		= "UCL-CS [RN/97/1].",
	ANNOTE		= "URL:
	\mbox{\texttt{http://www.cs.ucl.ac.uk/staff/R.Bordini}}",
	RHBURL		= "aioadmas600.ps.gz"	}

@INPROCEEDINGS{BordAIOABCD,
	AUTHOR		= "Bordini, Rafael H. and Campbell, John A. and
				Vieira, Renata",
	TITLE		= "Ascribing Intensional Ontologies in
				Anthropologically-Based Cultural Descriptions of
				Multi-Agent Systems",
	BOOKTITLE	= "Proceedings of the Second International Conference
				on Multi-Agent Systems (ICMAS'96),
				11--13 December, Kyoto, Japan",
	YEAR		= "1996",
	EDITOR		= "Durfee, Edmund",
	PAGES		= "427",
	ADDRESS		= "Menlo Park, CA",
	PUBLISHER	= "AAAI Press",
	NOTE		= "Extended Abstract. UCL-CS [RN/96/69].",
	ANNOTE		= "URL:
	\mbox{\texttt{http://www.cs.ucl.ac.uk/staff/R.Bordini}}",
	RHBURL		= "eaAIOABCD600.ps.gz"	}

@TECHREPORT{BordABMANAI,
	AUTHOR		= "Bordini, Rafael H. and Campbell, John A.",
	TITLE		= "Anthropologically-Based Migration of Agents:
				a New Approach to Interoperability",
	INSTITUTION	= "Department of Computer Science, University College
				London",
	YEAR		= "1995",
	TYPE		= "Research Note",
	NUMBER		= "UCL-CS [RN/95/79]",
	ANNOTE		= "URL:
	\mbox{\texttt{http://www.cs.ucl.ac.uk/staff/R.Bordini}}",
	ANNOTE		= "8pp. (7+cover)",
	RHBURL		= "abmanai600.ps.gz"	}
%	ADDRESS		= "London",
%	MONTH		= ""

@INPROCEEDINGS{BordTAAATAA,
	AUTHOR          = "Bordini, Rafael H. and Campbell, John A.",
	TITLE           = "Towards an Anthropological Approach to Agent
				Adaptation",
	BOOKTITLE       = "Proceedings of the First International Workshop
				on Decentralized Intelligent and Multi-Agent
				Systems (DIMAS'95)",
	YEAR            = "1995",
	PAGES           = "II/74--II/83",
	ADDRESS         = "Krakow, Poland",
	PUBLISHER       = "Dom Wydawnictwa Naukowych",
	MONTH           = "22--24 November",
	NOTE		= "UCL-CS [RN/95/78].",
	ANNOTE		= "URL:
	\mbox{\texttt{http://www.cs.ucl.ac.uk/staff/R.Bordini}}",
	ANNOTE		= "Institute of Computer Science, University of
				Mining and Metallurgy / AGH",
	RHBURL		= "taaataa600.ps.gz"	}

@ARTICLE{HubnerIPAEASA,
	AUTHOR	= "H{\"u}bner, Jomi Fred and {da Rocha Costa},
			Ant{\^o}nio Carlos and Bordini, Rafael Heitor",
	TITLE	= "Identifica{\c{c}\~a}o de Pap{\'e}is por Apresenta{\c{c}\~a}o
			na Entrada de Agentes em Sociedades Abertas",
	JOURNAL	= "Dynamis",
	YEAR	= "1995",
	VOLUME	= "3",
	NUMBER	= "13",
	PAGES	= "41--53",
	MONTH	= "October/December",
	NOTE	= "Blumenau, Brazil.",
	ANNOTE	= "URL:
	\mbox{\texttt{http://www.cs.ucl.ac.uk/staff/R.Bordini}}",
	RHBURL	= "Dynamis_3_13.ps.gz",
	RHBURLNOTE = "Also available (as html) {\htmladdnormallink{here}{http://www.inf.furb.rct-sc.br/\~{}jomi/publicacoes/dynamis_3_13.html}}"	}

@INPROCEEDINGS{BordLSAM,
	AUTHOR		= "Bordini, Rafael Heitor and {da Rocha Costa},
				Ant{\^o}nio Carlos and H{\"u}bner, Jomi Fred
				and Viccari, Rosa Maria",
	TITLE		= "Linguistic Support for Agent Migration",
	BOOKTITLE	= "Proceedings of the First International Conference
				on Multi-Agent Systems (ICMAS'95),
				12--14 June, San Francisco, CA",
	YEAR		= "1995",
	EDITOR		= "Lesser, Victor and Gasser, Les",
	PAGES		= "441",
	ADDRESS		= "Menlo Park, CA",
	PUBLISHER	= "AAAI Press / MIT Press",
	NOTE		= "Extended Abstract.",
	ANNOTE		= "URL:
	\mbox{\texttt{http://www.cs.ucl.ac.uk/staff/R.Bordini}}",
	RHBURL		= "eaLSFAM600.ps.gz"	}

@MASTERSTHESIS{BordSLMA,
	AUTHOR		= "Bordini, Rafael Heitor",
	TITLE		= "Suporte Ling{\"u}{\'{\i}}stico para
				Migra{\c{c}}{\~a}o de Agentes",
	SCHOOL		= "Curso de P{\'o}s-Gradua{\c{c}\~a}o em Ci{\^e}ncia da
				Computa{\c{c}\~a}o, Universidade Federal do Rio
				Grande do Sul",
	YEAR		= "1994",
	ADDRESS 	= "Porto Alegre, Brazil",
	MONTH		= oct,
	ANNOTE		= "128pp.",
	RHBURL		= "slpmdaOK.ps.gz",
	RHBURLNOTE	= "You can get an extended abstract of it in English
		{\htmladdnormallink{here}{eaSLPMDA600.ps.gz}}"	}
%	NOTE	= "An English version will be availabe soon at URL \newline
%	\mbox{\texttt{http://www.cs.ucl.ac.uk/staff/R.Bordini}}"

@INPROCEEDINGS{RochaEOS,
	AUTHOR		= "{da Rocha Costa}, Ant{\^o}nio Carlos and H{\"u}bner,
				Jomi Fred and Bordini, Rafael Heitor",
	TITLE		= "On Entering an Open Society",
	BOOKTITLE	= "XI Brazilian Symposium on Artificial Intelligence",
	YEAR		= "1994",
	PAGES		= "535--546",
	ADDRESS		= "Fortaleza",
	ORGANIZATION	= "Brazilian Computing Society",
	MONTH		= Oct,
	ANNOTE		= "URL:
	\mbox{\texttt{http://www.cs.ucl.ac.uk/staff/R.Bordini}}",
	RHBURL		= "EnteringOpenSoc.ps.gz",
	RHBURLNOTE	= "Revised version
	{\htmladdnormallink{here}{XISBIA_On_Entering.ps.gz}}"	}

@TECHREPORT{BordTI,
	AUTHOR		= "Bordini, Rafael Heitor",
	TITLE		= "Extending Isabelle's Classical First-Order Logic
				for Proving Theorems of the
				Acceptance Relation Theory",
	INSTITUTION	= "CPGCC da UFRGS",
	YEAR		= "1993",
	TYPE		= "Research Report",
	NUMBER		= "[TI-319]",
	ADDRESS		= "Porto Alegre",
	MONTH		= apr,
	ANNOTE		= "81pp.",
	RHBURL		= "ti.ps.gz"	}

@BOOK{ViccFIA,
	EDITOR		= "Viccari, Rosa Maria",
	TITLE		= "Fundamentos da Intelig{\^e}ncia Artificial",
	PUBLISHER	= "CPGCC da UFRGS",
	YEAR		= "1993",
	SERIES		= "Research Report~[RP-215]",
	ADDRESS		= "Porto Alegre",
	MONTH		= aug,
	ANNOTE		= "127pp."	}

@INCOLLECTION{BordFFIA,
	AUTHOR		= "Bordini, Rafael Heitor",
	TITLE		= "Os Fundamentos Formais da {IA}",
	TYPE		= "chapter",
	CHAPTER		= "2",
	PAGES		= "18--94",
	CROSSREF	= "ViccFIA"	}

@TECHREPORT{FuriTC,
	AUTHOR		= "Furini, C{\'{\i}}cero Martins and {da Silva}, Denise
				Bandeira and Bordini, Rafael
				Heitor",
	TITLE		= "{PARLA} - Processamento de Linguagem Natural",
	INSTITUTION	= "Pontif{\'{\i}}cia Universidade Cat{\'o}lica do Rio
				Grande do Sul",
	YEAR		= "1991",
	TYPE		= "{BSc} Final Project",
	ADDRESS		= "Porto Alegre",
	MONTH		= dec	}
