@Unpublished{AS2000,
  author = 	 {Almeida Jr., N. F. and Setubal, J. C.},
  title = 	 {A Set of Tools for Detailed Syntactic Pairwise
                  Comparison of Whole Bacterial Genomes},
  note = 	 {Manuscript},
  year =	 2000
}

@InCollection{AE2000,
  author = 	 {Andersson, Siv G. E. and Eriksson, Kimmo},
  title = 	 {Dynamics of Gene Order Structures and Genomic Architectures},
  booktitle = 	 {Comparative Genomics: empirical and analytical approaches 
                  to gene order dynamics, map alignment and the evolution of 
                  gene families},
  pages = 	 {267--280},
  publisher =    {Kluwer Academic Publishers},
  year = 	 {2000},
  editor = 	 {Sankoff, David and Nadeau, Joseph H.},
  volume = 	 {1},
  series = 	 {Computational Biology Series},
}

@Article{FMG1999,
  author = 	 {Frishman, Dmitrij and Mironov, Andrei and Gelfand, Mikhail},
  title = 	 {Starts of bacterial genes: estimating the reliability of computer
  predictions},
  journal = 	 {Gene},
  year = 	 1999,
  volume = 	 234,
  pages = 	 {257--265}
}

@Article{LBCKKZ2001,
  author = 	 {Li, M. and Badger, J. H. and Chen, X. and 
                  Kwong, S. and Kearney, P. and Zhang, H.},
  title = 	 {An information-based sequence distance and its
                  application to whole mitochondrial genome phylogeny},
  journal = 	 {Bioinformatics},
  year = 	 2001,
  volume = 	 17,
  number = 	 2,
  pages = 	 {149--154}
}

@Article{AYL1997,
  author = 	 {Archer, E. S. and Yee, L. W. and Leung, F. C.},
  title = 	 {Visual {G}enome {E}xplorer ({TM}): a comparative
                  visual interface to genome data},
  journal =      {Bio{T}echniques},
  year = 	 1997,
  volume =	 22,
  number =	 6,
  pages =	 {1164--1165}
}

@Article{RL1998,
  author = 	 {De Rosa, R. and Labedan, B.},
  title = 	 {The evolutionary relationships between the two
                  bacteria \textit{{E}scherichia coli} and
                  \textit{{H}aemophilus influenzae} and their putative
                  last common ancestor}, 
  journal =      {Molecular Biology and Evolution},
  year = 	 1998,
  volume =	 15,
  number =	 1,
  pages =	 {17--27}
}

@Article{ESAMVB1996,
  author = 	 {Elgar, G. and Sandford, R. and Aparicio, S. and
                  Macrae, A. and Venkatesh, B. and Brenner, S.},
  title = 	 {Small is beautiful: comparative genomics with the
                  pufferfish (\textit{{F}ugu rubripes})}, 
  journal =      {Trends in Genetics},
  year = 	 1996,
  volume =	 12,
  number =	 4,
  pages =	 {145--150}
}

@Article{LM1998,
  author = 	 {Lake, J. and Moore, J.},
  title = 	 {Phylogenetic analysis and comparative genomics},
  journal =      {Trends Guide to Bioinformatics},
  year = 	 1998,
  pages =	 {22--23}
}

@Article{OK1998,
  author = 	 {Oommen, B. J. and Kashyap, R. L.},
  title = 	 {A formal theory for optimal and information theoretic 
                  syntatic pattern recognition},
  journal =      {Pattern Recognition},
  year = 	 1998,
  volume =	 31,
  number =	 9,
  pages =	 {1159--1177}
}

@Article{WATE1989,
  author = 	 {Waterman, M. S.},
  title = 	 {Consensus patterns in sequences},
  journal =      {Mathematical Methods for DNA Sequences},
  year = 	 1989,
  pages =	 {93--116}
}

@Article{JDH2000,
  author = 	 {Jaakkola, T. and Diekhans, M. and Haussler, D.},
  title =        {A Discriminative Framework for Detecting Remote Protein
                  Homologies},
  journal =      {Journal of Computational Biology},
  year = 	 2000,
  volume =	 7,
  number =	 {1/2},
  pages =	 {95--114}
}

@Article{RM2000,
  author = 	 {Rodolphe, F. and Mathé, C.},
  title = 	 {Translation Conditional Models for Protein Coding Sequences},
  journal =      {Journal of Computational Biology},
  year = 	 2000,
  volume =	 7,
  number =	 {1/2},
  pages =	 {249--260}
}

@Article{MYER1986,
  author = 	 {Myers, Eugene W.},
  title = 	 {An $\cal{O}$({ND}) Difference Algorithm and Its Variations},
  journal = 	 {Algorithmica},
  year = 	 {1986},
  volume = 	 {1},
  pages = 	 {251--266}
}

@Article{UKKO1995,
  author = 	 {Ukkonen, E.},
  title = 	 {On-line Construction of Suffix Trees},
  journal = 	 {Algorithmica},
  year = 	 {1995},
  volume = 	 {14},
  pages = 	 {249--260}
}

@Article{WW2000,
  author = 	 {Wan, Honghui and Wootton, John C.},
  title =        {A Global Compositional Complexity Measure for Biological
                  Sequences: {AT}-rich and {GC}-rich genomes encode less 
                  complex proteins},
  journal = 	 {Computers and Chemistry},
  year = 	 {2000},
  volume = 	 {24},
  pages = 	 {71--94}
}

@Article{MM1993,
  author = 	 {Manber, Udi and Myers, Gene},
  title = 	 {Suffix Arrays: a new method for on-line string searches},
  journal = 	 {SIAM Journal on Computing},
  year = 	 {1993},
  volume = 	 {22},
  number = 	 {5},
  pages = 	 {935--948},
  month = 	 {October},
}

@Article{GKC1993,
  author = 	 {Gusev, V. D. and Kulichkov, V. A. and Chupakhina, O. M.},
  title = 	 {The {L}empel-{Z}iv complexity and local structure analysis 
                  of genomes},
  journal = 	 {BioSystems},
  year = 	 {1993},
  volume = 	 {30},
  pages = 	 {183--200},
}

@Article{GALA2000,
  author = 	 {Galatolo, Stefano},
  title = 	 {A proof of the {B}eyer-{S}tein-{U}lam relation between 
                  complexity and entropy},
  journal = 	 {Discrete Mathematics},
  year = 	 {2000},
  volume = 	 {223},
  pages = 	 {367--372},
}

@Article{HD1980,
  author = 	 {Hall, Patrick A. V. and Dowling, Geoff R.},
  title = 	 {Approximate String Matching},
  journal = 	 {ACM Computing Surveys},
  year = 	 {1980},
  volume = 	 {12},
  number = 	 {4},
  pages = 	 {381--402},
  month = 	 {December},
}

@Article{Listeria2001,
  author = 	 {Glaser, P. and Frangeul, L and Buchrieser, C. and 
                  Rusniok, C. and Amend, A. and Baquero, F. and 
                  Berche, P. and Bloecker, H. and Brandt, P. and 
                  Chakraborty, T. and Charbit, A. and Chetouani, F. and 
                  Couv\'{e}, E. and de Daruvar, A. and Dehoux, P. and 
                  Domann, E. and Dom\'{i}nguez-Bernal, G. and 
                  Duchaud, E. and Durant, L. and Dussurget, O. and 
                  Entian, K. D. and Fsihi, H. and Garcia-Del Portillo, F. 
                  and Garrido, P. and Gautier, L. and Goebel, W. and 
                  G\'{o}mez-L\'{o}pez, N. and Hain, T. and Hauf, J. and
                  Jackson, D. and Jones, L. M. and Kaerst, U. and 
                  Kreft, J. and Kuhn, M. and Kunst, F. and Kurapkat, G. 
                  and Madue\~{n}o, E. and Maitournam, A. and 
                  Mata Vicente, J. and Ng, E. and Nedjari, H. and 
                  Nordsiek, G. and Novella, S. and de Pablos, B. and 
                  P\'{e}rez-Diaz, J. C. and Purcell, R. and Remmel, B. 
                  and Rose, M. and Schlueter, T. and Simoes, N. and 
                  Tierrez, A. and V\'{a}squez-Boland, J. A. and Voss, H. 
                  and Wehland, J. and Cossart, P.},
  title = 	 {Comparative Genomics of \textit{{L}isteria} Species},
  journal = 	 {Science},
  year = 	 {2001},
  volume = 	 {294},
  pages = 	 {849--852},
  month = 	 {October},
}

@Article{APD1999,
  author = 	 {Allison, L. and Powell, D. and Dix, T. I.},
  title = 	 {Compression and Approximate Matching},
  journal = 	 {The Computer Journal},
  year = 	 {1999},
  volume = 	 {42},
  number = 	 {1},
  pages = 	 {1--10},
}

@Article{LSS2001,
  author = 	 {Landau, Gad M. and Schmidt, Jeanette P. and Sokol, Dina},
  title = 	 {An Algorithm for Approximate Tandem Repeats},
  journal = 	 {Journal of Computational Biology},
  year = 	 {2001},
  volume = 	 {8},
  number = 	 {1},
  pages = 	 {1--18},
}

@Article{SK1992,
  author = 	 {Salamon, Peter and Konopka, Andrzej},
  title = 	 {A maximum entropy principle for the distribution of 
                  local complexity in naturally occurring nucleotide 
                  sequences},
  journal = 	 {Computers and Chemistry},
  year = 	 {1992},
  volume = 	 {16},
  number = 	 {2},
  pages = 	 {117--124},
}

@Article{BGFOK1998,
  author = 	 {Bono, Hidemasa and Goto, Susumu and Fujibuchi, Wataru 
                  and Ogata, Hiroyuki and Kanehisa, Minoru},
  title = 	 {Systematic prediction of orthologous units of genes 
                  in the complete genomes},
  journal = 	 {Genome Informatics},
  year = 	 {1998},
  volume = 	 {9},
  pages = 	 {32--40},
}

@Article{NBKKSGK1999,
  author = 	 {Nakao, M. and Bono, H. and Kawashima, S. and Kamiya, T. 
                  and Sato, K. and Goto, S. and Kanehisa, M.},
  title = 	 {Genome-scale gene expression analysis and pathway 
                  reconstruction in {KEGG}},
  journal = 	 {Genome Informatics},
  year = 	 {1999},
  volume = 	 {10},
  pages = 	 {94--103},
}

@Article{OBFGK1996,
  author = 	 {Ogata, H. and Bono, H. and Fujibuchi, W. and Goto, S. 
                  and Kanehisa, M.},
  title = 	 {Analysis of binary relations and hierarchies of enzymes 
                  in the metabolic pathways},
  journal = 	 {Genome Informatics},
  year = 	 {1996},
  volume = 	 {7},
  pages = 	 {128--136},
}

@Article{KANE1996,
  author = 	 {Kanehisa, M.},
  title = 	 {Toward pathway engineering: a new database of genetic 
                  and molecular pathways},
  journal = 	 {Science \& Technology Japan},
  year = 	 {1996},
  volume = 	 {59},
  pages = 	 {34--38},
}

@Article{PSC2001,
  author = 	 {Pilpel, Yitzhak and Sudarsanam, Priya and Church, George M.},
  title = 	 {Identifying regulatory networks by combinatorial analysis 
                  of promoter elements},
  journal = 	 {Nature Genetics},
  year = 	 {2001},
  volume = 	 {29},
  number = 	 {2},
  pages = 	 {153--159},
  month = 	 {October},
}

@Article{VDR1999,
  author = 	 {Varr\'{e}, Jean-Stephane and Delahaye, Jean-Paul and 
                  Rivals, Eric},
  title = 	 {Transformation distances: a family of dissimilarity 
                  measures based on movements of segments},
  journal = 	 {Bioinformatics},
  year = 	 {1999},
  volume = 	 {15},
  number = 	 {3},
  pages = 	 {194--202},
}

@Article{LBBK1991,
  author = 	 {Leung, Ming-Ying and Blaisdell, B. Edwin and Burge, Chris and
  Karlin, Samuel},
  title = 	 {An Efficient Algorithm for Identifying Matches with Errors in
  Multiple Long Molecular Sequences},
  journal = 	 {Journal of Molecular Biology},
  year = 	 {1991},
  volume = 	 {221},
  number = 	 {3},
  pages = 	 {1367--1378},
}

@Article{SHAN1948,
  author = 	 {Shannon, Claude Elwood},
  title = 	 {A mathematical theory of communication},
  journal = 	 {Bell System Technical Journal},
  year = 	 {1948},
  volume = 	 {27},
  pages = 	 {379--423; 623--656},
}

@Article{WNC1987,
  author = 	 {Witten, I. H. and Neal, R. M. and Cleary, J. G.},
  title = 	 {Arithmetic coding for data compression},
  journal = 	 {Communications of the ACM},
  year = 	 {1987},
  volume = 	 {30},
  number = 	 {6},
  pages = 	 {520--540},
}

@Article{AGMML1990,
  author = 	 {Altschul, Stephen F. and Gish, Warren and Miller, Webb 
                  and Myers, Eugene W. and Lipman, David J.},
  title = 	 {Basic Local Alignment Search Tool},
  journal = 	 {Journal of Molecular Biology},
  year = 	 {1990},
  volume = 	 {215},
  number = 	 {3},
  pages = 	 {403--410},
  month = 	 {October},
}

@Article{GS1993,
  author = 	 {Gish, Warren and States, D. J.},
  title = 	 {Identification of protein coding regions by database 
                  similarity search},
  journal = 	 {Nature Genetics},
  year = 	 {1993},
  volume = 	 {3},
  number = 	 {3},
  pages = 	 {266--272},
  month = 	 {March},
}

@Article{AMSZZML1997,
  author = 	 {Altschul, S. F. and Madden, T. L. and Schaffer, A. A. 
                  and Zhang, J. H. and Zhang, Z. and Miller, W. and 
                  Lipman, D. J.},
  title = 	 {Gapped {BLAST} and {PSI-BLAST}: a new generation of 
                  protein database search programs},
  journal = 	 {Nucleic Acids Research},
  year = 	 {1997},
  volume = 	 {25},
  number = 	 {17},
  pages = 	 {3389--3402},
  month = 	 {September},
}

@Article{ZM1997,
  author = 	 {Zhang, J. H. and Madden, T. L.},
  title = 	 {Power{BLAST}: A new network {BLAST} application for 
                  interactive or automated sequence analysis and 
                  annotation},
  journal = 	 {Genome Research},
  year = 	 {1997},
  volume = 	 {7},
  number = 	 {6},
  pages = 	 {649--656},
  month = 	 {June},
}

@Article{MA1988,
  author = 	 {Mironov, A. A. and Alexandrov, N. N.},
  title = 	 {Statistical method for rapid homology search},
  journal = 	 {Nucleic Acids Research},
  year = 	 {1988},
  volume = 	 {16},
  pages = 	 {5169--5174},
}

@Article{LEVE1966,
  author = 	 {Levenshtein, V. I.},
  title = 	 {Binary codes capable of correcting deletions, 
                  insertions and reversals},
  journal = 	 {Soviet Physics Doklady},
  year = 	 {1966},
  volume = 	 {6},
  pages = 	 {707--710},
}

@Article{LY1999,
  author = 	 {Loewenstern, D. and Yianilos, P. N.},
  title = 	 {Significantly lower entropy estimates for natural {DNA} sequences},
  journal =      {Journal of Computational Biology},
  year = 	 1999,
  volume =	 6,
  number =	 {1},
  pages =	 {125--142}
}


@InProceedings{FNSSWZ1995,
  author = 	 {Farach, Martin and Noordewier, Michiel and Savari, 
                  Serap and Shepp, Larry and Wyner, Abraham and Ziv, Jacob},
  title = 	 {On the entropy of {DNA}: algorithms and measurements 
                  based on memory and rapid convergence},
  booktitle = 	 {Proceedings of the 6th ACM-SIAM Symposium on Discrete 
                  Algorithms},
  pages = 	 {48--57},
  year = 	 {1995},
  publisher =    {{ACM} Inc.},
}

@InProceedings{SAGO1998,
  author = 	 {Sagot, M. F.},
  title =        {Spelling Approximate Repeated or Common Motifs Using a
                  Suffix Tree},
  booktitle =    {Latin American Theoretical Informatics - LATIN 1998},
  pages =	 {374--390},
  year =	 1998,
  number =	 1380,
  series =	 {Lecture Notes in Computer Science}
}

@InProceedings{CKL2000,
  author = 	 {Chen, X. and Kwong, S. and Li, M.},
  title = 	 {A Compression Algorithm for {DNA} Sequences and Its
                  Applications in Genome Comparison},
  booktitle = 	 {The Fourth Annual International Conference on
                  Computational Molecular Biology - RECOMB 2000},
  pages =	 {107--107},
  year =	 2000,
  publisher =	 {{ACM} Press},
  note =	 {Full version appeared in The Tenth Workshop on
                  Genome Informatics GIW '99}
}

@InProceedings{DV2000,
  author = 	 {Desper, R. and Vingron, M.},
  title = 	 {Tree Fitting: an Algebraic Approach Using Profile 
                  Distances},
  booktitle = 	 {The Fourth Annual International Conference on
                  Computational Molecular Biology - RECOMB 2000},
  pages =	 {119--126},
  year =	 2000,
  publisher =	 {{ACM} Press},
}

@InProceedings{SBDLB2000,
  author = 	 {Sankoff, D. and Bryant, D. and Deneault, M. and 
                  Lang, B. F. and Burger, G.},
  title = 	 {Early Eukaryote Evolution Based on Mitochondrial 
                  Gene Order Breakpoints},
  booktitle = 	 {The Fourth Annual International Conference on
                  Computational Molecular Biology - RECOMB 2000},
  pages =	 {254--262},
  year =	 2000,
  publisher =	 {{ACM} Press},
}

@InProceedings{GBOFNSK1997,
  author = 	 {Goto, S. and Bono, H. and Ogata, H. and Fujibuchi, W. 
                  and Nishioka, T. and Sato, K. and and Kanehisa, M.},
  title = 	 {Organizing and computing metabolic pathway data in 
                  terms of binary relations},
  booktitle = 	 {Pacific Symp. Biocomputing},
  pages = 	 {175--186},
  year = 	 {1997},
}

@InProceedings{RDDD1997,
  author = 	 {Rivals, Eric and Dauchet, Max and Delahaye, Jean-Paul 
                  and Delgrange, Olivier},
  title = 	 {Fast Discerning Repeats in {DNA} Sequences with a 
                  Compression Algorithm},
  booktitle = 	 {Proceedings of 8th Workshop on Genome Informatics (GIW 97)},
  pages = 	 {215--226},
  year = 	 {1997},
  publisher =    {Universal Academy Press Inc.},
}

@TechReport{LS1999,
  author =       "Larsson, N. Jesper and Sadakane, Kunihiko",
  title = 	 "Faster Suffix Sorting",
  institution =  "Department of Computer Science, Lund University",
  year = 	 1999,
  number =	 "LU-CS-TR:99-214, LUNDFD6/(NFCS-3140)/1--20/(1999)",
  address =	 "Sweden",
  month =	 may
}

@TechReport{LHYN1995,
  author = 	 {Loewenstern, David and Hirsh, Haym and Yianilos, 
                  Peter and Noordewier, Michiel},
  title = 	 {{DNA} Sequence Classification using Compression-based 
                  Induction},
  institution =  {DIMACS},
  year = 	 {1995},
  number = 	 {DIMACS Technical Report 95-04},
  address = 	 {USA},
  month = 	 {April},
}

@PhdThesis{WALT1999,
  author = 	 {Walter, M. E. M. T.},
  title = 	 {Algoritmos para problemas em Rearranjo de Genomas},
  school = 	 {Universidade Estadual de Campinas},
  year = 	 1999
}

@PhdThesis{MEID1992,
  author = 	 {Meidanis, João},
  title = 	 {Algorithms for Problems in Computational Genetics},
  school = 	 {University of Wisconsin -- Madison},
  year = 	 {1992},
}

@Book{GJ2001,
  author = 	 {Gibas, Cynthia and Jambeck, Per},
  title = 	 {Developing Bioinformatics Computer Skills},
  publisher = 	 {O'Reilly \& Associates},
  year = 	 {2001},
  address = 	 {UK},
  month = 	 {April},
}

@Book{PEVZ2000,
  author = 	 {Pevzner, Pavel A.},
  title = 	 {Computational Molecular Biology: an algorithmic approach},
  publisher = 	 {The MIT Press},
  year = 	 {2000},
  series = 	 {MIT Press Series on Computational Molecular Biology},
}

@Book{MS1997,
  author =	 {Setubal, J. C. and Meidanis, J.},
  title = 	 {Introduction to Computational Molecular Biology},
  publisher = 	 {PWS Publishing Co},
  year = 	 1997
}

@Book{LV1997,
  author =	 {Li, M. and Vitányi, P.},
  title =        {An Introduction to Kolmogorov Complexity and Its
                  Applications},
  edition =      {2nd},
  publisher = 	 {Springer-Verlag},
  year = 	 1997
}

@Book{GUSF1997,
  author = 	 {Gusfield, Dan},
  title = 	 {Algorithms on Strings, Trees, and Sequences: computer 
                  science and computational biology},
  publisher = 	 {Cambridge University Press},
  year = 	 {1997},
}

@Book{WEST1996,
  author = 	 {West, Douglas B.},
  title = 	 {Introduction to Graph Theory},
  publisher = 	 {Prentice-Hall},
  year = 	 {1996},
}

@Book{CLR1990,
  author = 	 {Cormen, Thomas H. and Leiserson, Charles E. and 
                  Rivest, Ronald L.},
  title = 	 {Introduction to Algorithms},
  publisher = 	 {MIT Press/McGraw Hill},
  year = 	 {1990},
  series = 	 {The MIT Electrical Engineering and Computer Science Series},
}

@Book{GATL1972,
  author = 	 {Gatlin, Lila L.},
  title = 	 {Information Theory and the Living System},
  publisher = 	 {Columbia University Press},
  year = 	 {1972},
}

@Book{MS1977,
  author = 	 {MacWilliams, F. J. and Sloane, N. J. A.},
  title = 	 {The theory of error-correcting codes},
  publisher = 	 {North-Holland},
  year = 	 {1977},
  address = 	 {Amsterdam},
}

@Book{LEWI2000,
  author = 	 {Lewin, B.},
  title = 	 {Genes {VII}},
  publisher = 	 {Oxford University Press, New York},
  year = 	 {2000},
}

@Book{FUTU1997,
  author = 	 {Futuyma, Douglas J.},
  title = 	 {Biologia Evolutiva},
  edition =      {2nd},
  publisher = 	 {Sociedade Brasileira de Genética/CNPq},
  year = 	 {1997},
  address = 	 {Ribeirão Preto, SP},
}

@InBook{MILO1999,
  author = 	 {Milosavljevi\'{c}, Aleksandar},
  editor = 	 {Wang, Jason T. L. and Shapiro, Bruce A. and 
                  Shasha, Dennis},
  title = 	 {Pattern Discovery in Biomolecular Data: tools, 
                  techniques and applications},
  chapter = 	 {Discovering Patterns in {DNA} Sequences by the 
                  Algorithmic Significance Method},
  publisher = 	 {Oxford University Press},
  year = 	 {1999},
}

@Misc{SANK2000,
  author =	 {Sankoff, D.},
  title =	 {Genome Rearrangements and Comparative Mapping},
  howpublished = {http://ismb00.sdsc.edu/tutorials/sanakoff.html},
  year =	 2000,
  note =	 {ISMB Tutorial}
}

@Misc{MACK1995,
  author = 	 {MacKay, David},
  title = 	 {A Short Course in {I}nformation {T}heory},
  howpublished = {http:// 
                  www.inference.phy.cam.ac.uk/mackay/info-theory/course.html},
  year = 	 {1995},
  note =         {Livro ``\textit{Information Theory, Inference \& Learning 
                  Algorithms}'' publicado em janeiro de 2002.}
}
