


 






 
 

 
 
%mariana ago 2011 (do antigo bioinfo.tex)
@Misc{Zaha+2001, 
 AUTHOR = {Zaha, A.}, 
 TITLE = {Projeto Rede Sul de An\'alise de Genomas e Biologia Estrutural}, 
 YEAR =	2001, 
 note = {In Portuguese} 
} 
 
%mariana ago 2011 (do antigo bioinfo.tex)
@Article{Zdobnov+2002, 
  author = 	 {Evgeny M. Zdobnov and Rodrigo Lopez and Rolf Apweiler and Thrure Etzold}, 
  title = 	 {The {EBI SRS} server --- new features}, 
  journal = 	 {Bioinformatics}, 
  year = 	 {2002}, 
  OPTkey = 	 {}, 
  volume =	 {18}, 
  number =	 {8}, 
  pages =	 {1149--1150}, 
  month =	 {August}, 
  OPTnote = 	 {}, 
  OPTannote = 	 {} 
} 
 
ence databases}, 
 JOURNAL = {Methods Enzymol}, 
 VOLUME = {266}, 
 PAGES = {554--571}, 
 YEAR =	1996 
} 
 
 
@Article{Worley+1998, 
  author = 	 { Worley, K. C. and Culpepper,  P. and Wiese,  B. A.  and Smith,  R. F.}, 
  title = 	 {{Beauty-X: enhanced blast searches for DNA queries}}, 
  journal = 	 {Bioinformatics}, 
  year = 	 {1998}, 
  Tvolume = 	 {14}, 
  pages = 	 {890--891} 
} 
 
@InCollection{Xu+1994, 
  author = 	 {Xu, Y. and Mural, R. J. and Shah, M. B. and Uberbacher, E. C.}, 
  title = 	 {Recognizing Exons in Genomic Sequence Using {GRAIL II}}, 
  booktitle = 	 {Genetic Engineering: Principles and Methods}, 
  publisher =    {Plenum Press}, 
  year = 	 {1994}, 
  editor = 	 {Setlow, Jane} 
} 
 
@Misc{Zaha+2001, 
 AUTHOR = {Zaha, A.}, 
 TITLE = {Projeto Rede Sul de An\'alise de Genomas e Biologia Estrutural}, 
 YEAR =	2001, 
 note = {In Portuguese} 
} 
 
@Article{Zdobnov+2002, 
  author = 	 {Evgeny M. Zdobnov and Rodrigo Lopez and Rolf Apweiler and Thrure Etzold}, 
  title = 	 {The {EBI SRS} server --- new features}, 
  journal = 	 {Bioinformatics}, 
  year = 	 {2002}, 
  OPTkey = 	 {}, 
  volume =	 {18}, 
  number =	 {8}, 
  pages =	 {1149--1150}, 
  month =	 {August}, 
  OPTnote = 	 {}, 
  OPTannote = 	 {} 
} 
 
 
  OPTkey = 	 {}, 
  volume =	 {18}, 
  number =	 {8}, 
  pages =	 {1149--1150}, 
  month =	 {August}, 
  OPTnote = 	 {}, 
  OPTannote = 	 {} 
} 
 
 YEAR =	1996 
} 
 
 
@Article{Worley+1998, 
  author = 	 { Worley, K. C. and Culpepper,  P. and Wiese,  B. A.  and Smith,  R. F.}, 
  title = 	 {{Beauty-X: enhanced blast searches for DNA queries}}, 
  journal = 	 {Bioinformatics}, 
  year = 	 {1998}, 
  Tvolume = 	 {14}, 
  pages = 	 {890--891} 
} 
 
@InCollection{Xu+1994, 
  author = 	 {Xu, Y. and Mural, R. J. and Shah, M. B. and Uberbacher, E. C.}, 
  title = 	 {Recognizing Exons in Genomic Sequence Using {GRAIL II}}, 
  booktitle = 	 {Genetic Engineering: Principles and Methods}, 
  publisher =    {Plenum Press}, 
  year = 	 {1994}, 
  editor = 	 {Setlow, Jane} 
} 
 
@Misc{Zaha+2001, 
 AUTHOR = {Zaha, A.}, 
 TITLE = {Projeto Rede Sul de An\'alise de Genomas e Biologia Estrutural}, 
 YEAR =	2001, 
 note = {In Portuguese} 
} 
 
@Article{Zdobnov+2002, 
  author = 	 {Evgeny M. Zdobnov and Rodrigo Lopez and Rolf Apweiler and Thrure Etzold}, 
  title = 	 {The {EBI SRS} server --- new features}, 
  journal = 	 {Bioinformatics}, 
  year = 	 {2002}, 
  OPTkey = 	 {}, 
  volume =	 {18}, 
  number =	 {8}, 
  pages =	 {1149--1150}, 
  month =	 {August}, 
  OPTnote = 	 {}, 
  OPTannote = 	 {} 
} 
 
= {Mare, C. J. and Switzer, W. P.}, 
 TITLE = {{\emph{Mycoplasma hyopneumoniae}}, a causative agent of virus pig pneumonia}, 
 JOURNAL = {Vet. Med.}, 
 VOLUME = {60}, 
 PAGES = {841--845}, 
 YEAR =	1965 
} 

@article{ Miyazaki+2004,
 author = {Miyazaki, S. and Sugawara, H. and Ikeo, K. and Gojotori, T. and Tateno, Y.},
 title = {{DDBJ} in the stream of various biological data.},
 journal = {Nucleic Acids Research},
 volume = {32},
 pages = {D31-D34},
 year = {2004}
}
 
@Article{Moeller+1999, 
  author = 	 {Steffen M\"oller and U. Leser and W. Fleischmann and R. Apweiler}, 
  title = 	 {{EDITtoTrEMBL}: A distributed approach to high--quality automated protein sequence annotation}, 
  journal = 	 {Bioinformatics}, 
  year = 	 {1999}, 
  volume = 	 {15}, 
  Tnumber = 	 {3}, 
  pages = 	 {219--227} 
} 
 
@Article{Moeller&Schroeder2001, 
  author = 	 {Steffen Mï¿½ler and Michael Schroeder}, 
  title = 	 {Consistent Integration of non-reliable heterogeneous information resources applied to the annotation of transmembrane proteins}, 
  journal = 	 {Journal of Computing and Chemistry}, 
  year = 	 {2001} 
} 

@article{Mulder+2003,
  author = {Mulder, N. and others},
  title = {The Interpro Database, 2003 brings increased coverage and new features},
  journal = {Nucleic Acids Research},
  volume = {31},
  pages = {315--318},
  year = {2003}
}
 
@Article{Numa+2001, 
  author = 	  {Numa, Hisataka and Sakata, Katsumi and Nagamura, Yoshiaki and Antonio, Baltazar A. and  Idonuma, Atsuko and Shimizu, Yuji and Horiuchi, Ikuo  and  Matsumoto, Takashi and Sasaki, Takuji and Higo, Kenichi }, 
  title = 	 {RiceGAAS: An Automated Annotation System for Rice Genome}, 
  journal = 	 {Genome Informatics }, 
  year = 	 {2001}, 
  Tvolume = 	 {12}, 
  pages = 	 {496-497}, 
} 
 
@article{ Pearson&Lipman1988, 
 AUTHOR = { Pearson, W. R. and Lipman, D. J.}, 
 TITLE = {Improved tools for biological sequence comparison}, 
 JOURNAL = {Proc. Natl. Acad. Sci.}, 
 VOLUME = {85}, 
 PAGES = {2444--2448}, 
 YEAR =	1988 
} 

@Article{Pennisi1999, 
  author = 	 { Pennisi, Elizabeth}, 
  title = 	 {Keeping genome databases clean and up to date}, 
  journal = 	 {Science}, 
  year = 	 {1999}, 
  volume = 	 {286}, 
  pages = 	 {447--50}, 
 } 
 
 
@TechReport{Prati+2001, 
  author = 	 {Prati, R. C. and  Baranauskas, J. A. and Monard, M. C.}, 
  title = 	 {Uma proposta de unifica\c c\~ao da linguagem de representaï¿½o de conceitos de algoritmos de aprendizado de m\'aquina simb\'olicos}, 
  institution =  {ICMC-USP}, 
  year = 	 {2001}, 
  number = 	 {137} 
} 
 
 
@Article{Promponas+2000, 
  author = 	 {Promponas, V. J. and Enright, A. J. and Tsoka, S. and Kreil, D. and Leroy, C. Hamodrakas, S. and Sander, C. and Ouzounis. C. A.}, 
  title = 	 {{biasdb/CAST}}, 
  journal = 	 {Bioinformatics}, 
  year = 	 {2000}, 
  volume =	 {16}, 
  number =	 {10}, 
  pages =	 {915--922}, 
  OPTmonth = 	 {}, 
  OPTnote = 	 {}, 
  OPTannote = 	 {} 
} 
 
 
@article{ Razin+1998, 
 AUTHOR = {Razin, S. and Yogev, D. and Naot, Y.}, 
 TITLE = {Molecular biology and pathogenicity of mycoplasmas}, 
 JOURNAL = {Microbiol Mol Biol Rev}, 
 VOLUME = {62}, 
 PAGES = {1094--1156}, 
 YEAR =	1998 
} 

@article{Reese+2000,
 author = {Reese, M. and others},
 title = {Genome annotation assessment in {\emph{Drosophila melanogaster}}},
 journal = {Genome Research},
 volume = {10},
 number = {4},
 pages = {483--501},
 year = {2000}
}

@TechReport{ Riedmiller&Braun1994, 
  author = {M. Riedmiller and H. Braun}, 
  title = {{RPROP} -- Description and Implementation Details}, 
  text = {M. Riedmiller and H. Braun. RPROP -- Description and Implementation Details. 
    Technical Report. Universit\"at Karlsruhe, 1994.}, 
  year = {1994}, 
  url = {citeseer.nj.nec.com/riedmiller94rprop.html} } 
 
@book{ Ross1992, 
 AUTHOR = {Ross, R. F.}, 
 TITLE = {Mycoplasmal diseases}, 
 optPUBLISHER = {}, 
 EDITION = {7th}, 
 PAGES = {537--551}, 
 YEAR =	1992 
} 
 
@article{ Rost&Sander1994, 
 AUTHOR = {Rost, B. and Sander, C.}, 
 TITLE = {Conservation and prediction of solvent accessibility in protein families}, 
 JOURNAL = {Proteins},	 
 VOLUME = {20}, 
 number = 3,
 PAGES = {216--226}, 
 YEAR = 1994 
} 

@article{ Rost+1994, 
 AUTHOR = {Rost, B. and Sander, C. and Schneider, R.}, 
 TITLE = {PredictProtein}, 
 JOURNAL = {CABIOS}, 
 VOLUME = {10}, 
 PAGES = {53--60}, 
 YEAR = 1994 
} 
 
@article{ Rost+1995, 
 AUTHOR = { Rost, B. and Casadio, R. and Fariselli, P. and Sander, C.}, 
 TITLE = {Transmembrane helices predicted at 95\% accuracy}, 
 JOURNAL = {Protein Sci}, 
 VOLUME = {4:3}, 
 PAGES = {521--533}, 
 YEAR = 1995 
} 
 
@inproceedings{ Sakata+2000, 
 AUTHOR = {Sakata, K. and Nagasaki, H. and Idonuma, A. and Watanabe, W. and Kise, M. and Sasaki, 	   T.}, 
 TITLE = {{RiceHMM}: gene domain prediction program for rice genome sequence}, 
 BOOKTITLE = {Abstracts of 4th Annual Conference on Computational Genomics}, 
 PAGES = {31}, 
 YEAR = 2000 
} 
 
@Article{Salzberg+1998, 
  author = 	 {S. Salzberg and A. Delcher and S. Kasif and O. White}, 
  title = 	 {Microbial gene identification using interpolated {M}arkov models}, 
  journal = 	 {Nucleic Acids Research}, 
  year = 	 {1998}, 
  volume = 	 {26}, 
  number = 	 {2}, 
  pages = 	 {544--548} 
} 
 
@article{Sander&Schneider1991, 
 AUTHOR = {Sander, C. and Schneider, R. }, 
 TITLE = {{MaxHom}}, 
 JOURNAL = {Proteins}, 
 VOLUME = {9}, 
 PAGES = {56--69}, 
 YEAR = 1991 
} 
 
@inproceedings{Scharf+1994, 
 AUTHOR = {Scharf, M. and Schneider, R. and Casari, G. and Bork, P. and  Valencia, A. and            Ouzounis, C. and Sander, C.}, 
 BOOKTITLE = {Second International Conference on Intelligent Systems for 
          Molecular Biology}, 
 TITLE = {{GeneQuiz}: a workbench for sequence analysis}, 
 pages = {348-53},
 YEAR =	1994 
} 

@inproceedings{Searls1995, 
 AUTHOR = {Searls, D. B.}, 
 TITLE = {{bioTk}: Componentry for genome informatics graphical user interfaces}, 
 BOOKTITLE ={COMBIS}, 
 VOLUME = {}, 
 PAGES = {}, 
 YEAR = 1995, 
 NOTE = {http://www.cbil.upenn.edu/~dsearls/bioTk\_paper/paper.html} 
} 

@book{Setubal&Meidanis1997,
    author={J. C. Set\'ubal and J. Meidanis},
    title={Introduction to Computational Molecular Biology},
    publisher={PWS Publishing Company},
    year={1997}
}

@article{Smith+1981,
 author = {Smith, T. and Waterman, M.},
 title = {Identification of common molecular subsequences},
 journal = {Journal of Molecular Biology},
 volume = {147},
 pages = {195--197},
 year = {1981}
}

@article{Stein2001,
 author = {Stein, L.},
 title = {Genome Annotation: from sequence to biology},
 journal = {Nature Reviews},
 volume = {2},
 pages = {493--503},
 year = 2001
}
 
@article{Tamames+1998, 
 AUTHOR = {Tamames, J. and Ouzounis, C. and Sander, C. and Valencia, A.}, 
 TITLE = {Prediction of protein functional class}, 
 JOURNAL = {FEBS Lett.}, 
 VOLUME = {389}, 
 PAGES = {96--101}, 
 YEAR = 1996 
} 

@article{Tatusov+1996,
 AUTHOR = {Tatusov, R. et al},
 TITLE = {Metabolism and evolution of {\emph{Haemophilus influenzae}} deduced from a whole-genome comparision with {\emph{Escherichia coli}}},
 JOURNAL = {Current Biology},
 VOLUME = {6},
 PAGES = {279--291},
 YEAR = 1996
}
 
@article{ Thomas&Skolnick1994, 
 AUTHOR = {Thomas, A. and Skolnick, M. H.}, 
 TITLE = {A probabilistic model for detecting coding regions in {DNA} sequences}, 
 JOURNAL = {IMA Journal of Mathematics Applied in Medicine and Biology}, 
 VOLUME = {11}, 
 PAGES = {149--160}, 
 YEAR = 1994 
} 

@article{ Uberacher&Mural1991,
 AUTHOR = {Uberacher, E. and Mural R.},
 TITLE = {Locating protein-coding regions in human {DNA} sequences by a multiple sensor-neural network approach},
 JOURNAL = {Proc. Natl. Acad. Sci.},
 VOLUME = {28},
 PAGES = {11261--11265},
 YEAR = 1991
}

% Cassia
@ARTICLE{Weinert&Lopes2004,
 author = {Weinert, W.R. and Lopes, H.S.},
 title  = {Neural networks for protein classification},
 journal = {Applied Bioinformatics},
 year = {2004},
 volume = {3},
 number = {1},
 pages = {41--48}
}
 
@ARTICLE{Whitfield+2002,
       author = {Whitfield, C. W. and Band, M. R. and Bonaldo, M. F. and Kumar C. G. and Liu, L. and Pardinas, J. R. and Robertson, H. M. and Soares, M. B. and Robinson, E. G.},
       title = {Annotated Expressed Sequence Tags and {cDNA} Microarrays for Studies of Brain and Behavior in the Honey
Bee},
       journal = {Genome Resource},
       year    = {2002},
       volume  = {12},
       number  = {4},
       pages   = {555--566},
       url     = {http://www.genome.org/cgi/content/abstract/12/4/555},
       eprint  = {http://www.genome.org/cgi/reprint/12/4/555.pdf}
}

@article{ Wootton&Federhen1996, 
 AUTHOR = { Wootton, J. C. and Federhen, S.}, 
 TITLE = {Analysis of compositionally biased regions in sequence databases}, 
 JOURNAL = {Methods Enzymol}, 
 VOLUME = {266}, 
 PAGES = {554--571}, 
 YEAR =	1996 
} 
 
 
@Article{Worley+1998, 
  author = 	 { Worley, K. C. and Culpepper,  P. and Wiese,  B. A.  and Smith,  R. F.}, 
  title = 	 {{Beauty-X: enhanced blast searches for DNA queries}}, 
  journal = 	 {Bioinformatics}, 
  year = 	 {1998}, 
  Tvolume = 	 {14}, 
  pages = 	 {890--891} 
} 
 
@InCollection{Xu+1994, 
  author = 	 {Xu, Y. and Mural, R. J. and Shah, M. B. and Uberbacher, E. C.}, 
  title = 	 {Recognizing Exons in Genomic Sequence Using {GRAIL II}}, 
  booktitle = 	 {Genetic Engineering: Principles and Methods}, 
  publisher =    {Plenum Press}, 
  year = 	 {1994}, 
  editor = 	 {Setlow, Jane} 
} 
 
@Misc{Zaha+2001, 
 AUTHOR = {Zaha, A.}, 
 TITLE = {Projeto Rede Sul de An\'alise de Genomas e Biologia Estrutural}, 
 YEAR =	2001, 
 note = {In Portuguese} 
} 
 
@Article{Zdobnov+2002, 
  author = 	 {Evgeny M. Zdobnov and Rodrigo Lopez and Rolf Apweiler and Thrure Etzold}, 
  title = 	 {The {EBI SRS} server --- new features}, 
  journal = 	 {Bioinformatics}, 
  year = 	 {2002}, 
  OPTkey = 	 {}, 
  volume =	 {18}, 
  number =	 {8}, 
  pages =	 {1149--1150}, 
  month =	 {August}, 
  OPTnote = 	 {}, 
  OPTannote = 	 {} 
} 
 
 
  OPTkey = 	 {}, 
  volume =	 {18}, 
  number =	 {8}, 
  pages =	 {1149--1150}, 
  month =	 {August}, 
  OPTnote = 	 {}, 
  OPTannote = 	 {} 
} 
 
 YEAR =	1996 
} 
 
 
@Article{Worley+1998, 
  author = 	 { Worley, K. C. and Culpepper,  P. and Wiese,  B. A.  and Smith,  R. F.}, 
  title = 	 {{Beauty-X: enhanced blast searches for DNA queries}}, 
  journal = 	 {Bioinformatics}, 
  year = 	 {1998}, 
  Tvolume = 	 {14}, 
  pages = 	 {890--891} 
} 
 
@InCollection{Xu+1994, 
  author = 	 {Xu, Y. and Mural, R. J. and Shah, M. B. and Uberbacher, E. C.}, 
  title = 	 {Recognizing Exons in Genomic Sequence Using {GRAIL II}}, 
  booktitle = 	 {Genetic Engineering: Principles and Methods}, 
  publisher =    {Plenum Press}, 
  year = 	 {1994}, 
  editor = 	 {Setlow, Jane} 
} 
 
@Misc{Zaha+2001, 
 AUTHOR = {Zaha, A.}, 
 TITLE = {Projeto Rede Sul de An\'alise de Genomas e Biologia Estrutural}, 
 YEAR =	2001, 
 note = {In Portuguese} 
} 
 
@Article{Zdobnov+2002, 
  author = 	 {Evgeny M. Zdobnov and Rodrigo Lopez and Rolf Apweiler and Thrure Etzold}, 
  title = 	 {The {EBI SRS} server --- new features}, 
  journal = 	 {Bioinformatics}, 
  year = 	 {2002}, 
  OPTkey = 	 {}, 
  volume =	 {18}, 
  number =	 {8}, 
  pages =	 {1149--1150}, 
  month =	 {August}, 
  OPTnote = 	 {}, 
  OPTannote = 	 {} 
} 
 

@article{Reese+2000,
 author = {Reese, M. and others},
 title = {Genome annotation assessment in {\emph{Drosophila melanogaster}}},
 journal = {Genome Research},
 volume = {10},
 number = {4},
 pages = {483--501},
 year = {2000}
}

@TechReport{ Riedmiller&Braun1994, 
  author = {M. Riedmiller and H. Braun}, 
  title = {{RPROP} -- Description and Implementation Details}, 
  text = {M. Riedmiller and H. Braun. RPROP -- Description and Implementation Details. 
    Technical Report. Universit\"at Karlsruhe, 1994.}, 
  year = {1994}, 
  url = {citeseer.nj.nec.com/riedmiller94rprop.html} } 
 
@book{ Ross1992, 
 AUTHOR = {Ross, R. F.}, 
 TITLE = {Mycoplasmal diseases}, 
 optPUBLISHER = {}, 
 EDITION = {7th}, 
 PAGES = {537--551}, 
 YEAR =	1992 
} 
 
@article{ Rost&Sander1994, 
 AUTHOR = {Rost, B. and Sander, C.}, 
 TITLE = {Conservation and prediction of solvent accessibility in protein families}, 
 JOURNAL = {Proteins},	 
 VOLUME = {20}, 
 number = 3,
 PAGES = {216--226}, 
 YEAR = 1994 
} 

@article{ Rost+1994, 
 AUTHOR = {Rost, B. and Sander, C. and Schneider, R.}, 
 TITLE = {PredictProtein}, 
 JOURNAL = {CABIOS}, 
 VOLUME = {10}, 
 PAGES = {53--60}, 
 YEAR = 1994 
} 
 
@article{ Rost+1995, 
 AUTHOR = { Rost, B. and Casadio, R. and Fariselli, P. and Sander, C.}, 
 TITLE = {Transmembrane helices predicted at 95\% accuracy}, 
 JOURNAL = {Protein Sci}, 
 VOLUME = {4:3}, 
 PAGES = {521--533}, 
 YEAR = 1995 
} 
 
@inproceedings{ Sakata+2000, 
 AUTHOR = {Sakata, K. and Nagasaki, H. and Idonuma, A. and Watanabe, W. and Kise, M. and Sasaki, 	   T.}, 
 TITLE = {{RiceHMM}: gene domain prediction program for rice genome sequence}, 
 BOOKTITLE = {Abstracts of 4th Annual Conference on Computational Genomics}, 
 PAGES = {31}, 
 YEAR = 2000 
} 
 
@Article{Salzberg+1998, 
  author = 	 {S. Salzberg and A. Delcher and S. Kasif and O. White}, 
  title = 	 {Microbial gene identification using interpolated {M}arkov models}, 
  journal = 	 {Nucleic Acids Research}, 
  year = 	 {1998}, 
  volume = 	 {26}, 
  number = 	 {2}, 
  pages = 	 {544--548} 
} 
 
@article{Sander&Schneider1991, 
 AUTHOR = {Sander, C. and Schneider, R. }, 
 TITLE = {{MaxHom}}, 
 JOURNAL = {Proteins}, 
 VOLUME = {9}, 
 PAGES = {56--69}, 
 YEAR = 1991 
} 
 
@inproceedings{Scharf+1994, 
 AUTHOR = {Scharf, M. and Schneider, R. and Casari, G. and Bork, P. and  Valencia, A. and            Ouzounis, C. and Sander, C.}, 
 BOOKTITLE = {Second International Conference on Intelligent Systems for 
          Molecular Biology}, 
 TITLE = {{GeneQuiz}: a workbench for sequence analysis}, 
 pages = {348-53},
 YEAR =	1994 
} 

@inproceedings{Searls1995, 
 AUTHOR = {Searls, D. B.}, 
 TITLE = {{bioTk}: Componentry for genome informatics graphical user interfaces}, 
 BOOKTITLE ={COMBIS}, 
 VOLUME = {}, 
 PAGES = {}, 
 YEAR = 1995, 
 NOTE = {http://www.cbil.upenn.edu/~dsearls/bioTk\_paper/paper.html} 
} 

@book{Setubal&Meidanis1997,
    author={J. C. Set\'ubal and J. Meidanis},
    title={Introduction to Computational Molecular Biology},
    publisher={PWS Publishing Company},
    year={1997}
}

@article{Smith+1981,
 author = {Smith, T. and Waterman, M.},
 title = {Identification of common molecular subsequences},
 journal = {Journal of Molecular Biology},
 volume = {147},
 pages = {195--197},
 year = {1981}
}

@article{Stein2001,
 author = {Stein, L.},
 title = {Genome Annotation: from sequence to biology},
 journal = {Nature Reviews},
 volume = {2},
 pages = {493--503},
 year = 2001
}
 
@article{Tamames+1998, 
 AUTHOR = {Tamames, J. and Ouzounis, C. and Sander, C. and Valencia, A.}, 
 TITLE = {Prediction of protein functional class}, 
 JOURNAL = {FEBS Lett.}, 
 VOLUME = {389}, 
 PAGES = {96--101}, 
 YEAR = 1996 
} 

@article{Tatusov+1996,
 AUTHOR = {Tatusov, R. et al},
 TITLE = {Metabolism and evolution of {\emph{Haemophilus influenzae}} deduced from a whole-genome comparision with {\emph{Escherichia coli}}},
 JOURNAL = {Current Biology},
 VOLUME = {6},
 PAGES = {279--291},
 YEAR = 1996
}
 
@article{ Thomas&Skolnick1994, 
 AUTHOR = {Thomas, A. and Skolnick, M. H.}, 
 TITLE = {A probabilistic model for detecting coding regions in {DNA} sequences}, 
 JOURNAL = {IMA Journal of Mathematics Applied in Medicine and Biology}, 
 VOLUME = {11}, 
 PAGES = {149--160}, 
 YEAR = 1994 
} 

@article{ Uberacher&Mural1991,
 AUTHOR = {Uberacher, E. and Mural R.},
 TITLE = {Locating protein-coding regions in human {DNA} sequences by a multiple sensor-neural network approach},
 JOURNAL = {Proc. Natl. Acad. Sci.},
 VOLUME = {28},
 PAGES = {11261--11265},
 YEAR = 1991
}

% Cassia
@ARTICLE{Weinert&Lopes2004,
 author = {Weinert, W.R. and Lopes, H.S.},
 title  = {Neural networks for protein classification},
 journal = {Applied Bioinformatics},
 year = {2004},
 volume = {3},
 number = {1},
 pages = {41--48}
}
 
@ARTICLE{Whitfield+2002,
       author = {Whitfield, C. W. and Band, M. R. and Bonaldo, M. F. and Kumar C. G. and Liu, L. and Pardinas, J. R. and Robertson, H. M. and Soares, M. B. and Robinson, E. G.},
       title = {Annotated Expressed Sequence Tags and {cDNA} Microarrays for Studies of Brain and Behavior in the Honey
Bee},
       journal = {Genome Resource},
       year    = {2002},
       volume  = {12},
       number  = {4},
       pages   = {555--566},
       url     = {http://www.genome.org/cgi/content/abstract/12/4/555},
       eprint  = {http://www.genome.org/cgi/reprint/12/4/555.pdf}
}

@article{ Wootton&Federhen1996, 
 AUTHOR = { Wootton, J. C. and Federhen, S.}, 
 TITLE = {Analysis of compositionally biased regions in sequence databases}, 
 JOURNAL = {Methods Enzymol}, 
 VOLUME = {266}, 
 PAGES = {554--571}, 
 YEAR =	1996 
} 
 
 
@Article{Worley+1998, 
  author = 	 { Worley, K. C. and Culpepper,  P. and Wiese,  B. A.  and Smith,  R. F.}, 
  title = 	 {{Beauty-X: enhanced blast searches for DNA queries}}, 
  journal = 	 {Bioinformatics}, 
  year = 	 {1998}, 
  Tvolume = 	 {14}, 
  pages = 	 {890--891} 
} 
 
@InCollection{Xu+1994, 
  author = 	 {Xu, Y. and Mural, R. J. and Shah, M. B. and Uberbacher, E. C.}, 
  title = 	 {Recognizing Exons in Genomic Sequence Using {GRAIL II}}, 
  booktitle = 	 {Genetic Engineering: Principles and Methods}, 
  publisher =    {Plenum Press}, 
  year = 	 {1994}, 
  editor = 	 {Setlow, Jane} 
} 
 
@Misc{Zaha+2001, 
 AUTHOR = {Zaha, A.}, 
 TITLE = {Projeto Rede Sul de An\'alise de Genomas e Biologia Estrutural}, 
 YEAR =	2001, 
 note = {In Portuguese} 
} 
 
@Article{Zdobnov+2002, 
  author = 	 {Evgeny M. Zdobnov and Rodrigo Lopez and Rolf Apweiler and Thrure Etzold}, 
  title = 	 {The {EBI SRS} server --- new features}, 
  journal = 	 {Bioinformatics}, 
  year = 	 {2002}, 
  OPTkey = 	 {}, 
  volume =	 {18}, 
  number =	 {8}, 
  pages =	 {1149--1150}, 
  month =	 {August}, 
  OPTnote = 	 {}, 
  OPTannote = 	 {} 
} 
 
 
  OPTkey = 	 {}, 
  volume =	 {18}, 
  number =	 {8}, 
  pages =	 {1149--1150}, 
  month =	 {August}, 
  OPTnote = 	 {}, 
  OPTannote = 	 {} 
} 
 
 YEAR =	1996 
} 
 
 
@Article{Worley+1998, 
  author = 	 { Worley, K. C. and Culpepper,  P. and Wiese,  B. A.  and Smith,  R. F.}, 
  title = 	 {{Beauty-X: enhanced blast searches for DNA queries}}, 
  journal = 	 {Bioinformatics}, 
  year = 	 {1998}, 
  Tvolume = 	 {14}, 
  pages = 	 {890--891} 
} 
 
@InCollection{Xu+1994, 
  author = 	 {Xu, Y. and Mural, R. J. and Shah, M. B. and Uberbacher, E. C.}, 
  title = 	 {Recognizing Exons in Genomic Sequence Using {GRAIL II}}, 
  booktitle = 	 {Genetic Engineering: Principles and Methods}, 
  publisher =    {Plenum Press}, 
  year = 	 {1994}, 
  editor = 	 {Setlow, Jane} 
} 
 
@Misc{Zaha+2001, 
 AUTHOR = {Zaha, A.}, 
 TITLE = {Projeto Rede Sul de An\'alise de Genomas e Biologia Estrutural}, 
 YEAR =	2001, 
 note = {In Portuguese} 
} 
 
@Article{Zdobnov+2002, 
  author = 	 {Evgeny M. Zdobnov and Rodrigo Lopez and Rolf Apweiler and Thrure Etzold}, 
  title = 	 {The {EBI SRS} server --- new features}, 
  journal = 	 {Bioinformatics}, 
  year = 	 {2002}, 
  OPTkey = 	 {}, 
  volume =	 {18}, 
  number =	 {8}, 
  pages =	 {1149--1150}, 
  month =	 {August}, 
  OPTnote = 	 {}, 
  OPTannote = 	 {} 
} 
 
