%ATENCAO: INCLUDIR QUEM E *QUANDO* (MES/ANO) INSERIU !!

@article{ Altschul+1990,
 AUTHOR = { Altschul, S. F.  and Gish, W.  and Miller, W.  and Myers, E. W.  and Lipman, D. J. },
 TITLE = {Basic local alignment search tool},
 JOURNAL = {J. Mol. Biol.},
 VOLUME = {215},
 PAGES = {403--410},
 YEAR = 1990
}

@article{ Altschul+1997,
 AUTHOR = {Altschul, S. F.  et al },
 TITLE = {Gapped {BLAST} and {PSI-BLAST}: a new generation of protein database search programs},
 JOURNAL = {Nucleic Acids Research},
 VOLUME = {25},
 PAGES = {3359--3402},
 YEAR = 1997
}
 
@article{ Amanfu+1984, 
 AUTHOR = {Amanfu, W. and Weng, C. N. and Ross, R. F. and Barnes, H. J.}, 
 TITLE = {Diagnosis of mycoplasmal pneumonia of swine: sequential study by direct immunofluorescence}, 
 JOURNAL = {Am. J. Vet. Res.}, 
 VOLUME = {45}, 
 PAGES = {1349--1352}, 
 YEAR =	1984 
} 
 
@article{ Andrade+1997, 
 AUTHOR = {Andrade, M. and Casari, G. and de Daruvar, A. and Sander, C. and Schneider, R. 	   Tamames, J. and Valencia, A. and Ouzounis, C.}, 
 TITLE = {Sequence analysis of the {\emph{Methanococcus jannaschii}} genome and the prediction of protein 
          function}, 
 JOURNAL = {Comput Appl Biosci}, 
 VOLUME = {13}, 
 PAGES = {481--483}, 
 YEAR = 1997 
} 
 
@article{ Andrade+1999, 
 AUTHOR = {Andrade, M. A. and Brown, N. P. and Leroy, C.  and Hoersch, S. and de Daruvar, A. and Reich, C. and Franchini, A. and Tamames, J. and Valencia, A. and Ouzounis, C. and Sander, C.}, 
 TITLE = {Automated genome sequence analysis and annotation}, 
 JOURNAL = {Bioinformatics}, 
 VOLUME = {15}, 
 PAGES = {391--412}, 
 YEAR =	1999 
} 
 
@InCollection{Andrade2001, 
  author = 	 {Andrade, M. A.}, 
  title = 	 {Tools for automated protein annotation}, 
  booktitle = 	 {Protein Sequence Analysis in the Genomic Post-Era}, 
  editor = 	 { Casadio, R. and Masotti,  L. }, 
  publisher = {Clueb}, 
  address = 	 {Bologna, Italy}, 
  year = 2001 
} 
 
@Article{Apweiler+2001, 
  author = 	 {R. Apweiler and T. K.Attwood and A. Bairoch and A. Bateman and E. Birney and M. Biswas and P. Bucher and L. Cerutti and F. Corpet and M. D. R. Croning and R. Durbin and L. Falquet and W. Fleischmann and J. Gouzy and H. Hermjakob and N. Hulo and I. Jonassen and D. Kahn and A. Kanapin and Y. Karavidopoulou and R. Lopez and B. Marx and N. J. Mulder and T. M. Oinn and M. Pagni and F. Servant and C. J. A. Sigrist and E. M. Zdobnov}, 
  title = 	 {The {InterPro} database, an integrated documentation resource for protein families, domains and functional sites}, 
  journal = 	 {Nucleic Acids Research}, 
  year = 	 {2001}, 
  OPTkey = 	 {}, 
  volume =	 {29}, 
  number =	 {1}, 
  pages =	 {37--40}, 
  OPTmonth = 	 {}, 
  OPTnote = 	 {}, 
  OPTannote = 	 {} 
} 

@article{Apweiler+2004,
  author = {Apweiler, R. and Bairoch, A. and Wu, C.},
  title = {Protein sequence databases},
  journal = {Current Opinion in Chemical Biology},
  volume = {8},
  pages = {76--80},
  year = {2004}
}

@article{ Armstrong+1987, 
 AUTHOR = {Armstrong, C. H. and Freeman, M. J. and Sands--Freeman, L.}, 
 TITLE = {Crossreactions between \emph{Mycoplasma hyopneumoniae} and \emph{Mycoplasma flocculare}: practical implications for the serodiagnosis of mycoplasmal pneumonia of swine}, 
 JOURNAL = {Isr. J. Med. Sci.}, 
 VOLUME = {23}, 
 PAGES = {654--656}, 
 YEAR =	1987 
}

@Article{Ashburner+2000,
  author = 	 {Ashburner, M. K. and Ball C. A and Blake, J. A and Botstein. D. and Butler, H. and Cherry, J. M and Davis, A. P. and Dolinsk, K. and Dwight, S. S. and Eppig, J. T. and et. al.},
  title = 	 {Gene Ontology: tool for the unification of biology},
  journal = 	 {Nature Genetics},
  year = 	 {2000},
  volume = 	 25,
  number = 	 1,
  pages = 	 {25--29},
} 
 
@Article{Attwood+2000,
  author = 	 {Attwood, T. K. and Croning, M. D. and Flower, D. R. and Lewis, A. P. and Mabey, J. E. and Scordis, P. and Selley, J. N.  and Wright, W.},
  title = 	 {{Prints-S}: The Database Formerly Known as {Prints}},
  journal = 	 nar,
  year = 	 {2000},
  volume = 	 28,
  number = 	 1,
  pages = 	 {225--227},
}

@InProceedings{Auer+1995, 
  author = 	 {Auer P. and Holte R. and Maass W.}, 
  title = 	 { Theory and applications of agnostic {PAC}-learning with small decision trees}, 
  booktitle = 	 { Proc. of the 12th International Machine Learning Conference}, 
  year = 	 {1995}, 
  publisher = { Morgan Kaufmann} 
} 
 
@Book{Baldi&Soren1998, 
  author =	 {Pierre Baldi and Brunak S{\o}ren}, 
  editor =	 {}, 
  title = 	 {Bioinformatics: the machine learning approach}, 
  publisher = 	 {The MIT Press}, 
  year = 	 {1998}, 
  address =	 {Cambridge, MA}, 
  OPTedition = 	 {}, 
  OPTmonth = 	 {}, 
  note =	 {351p.}, 
  OPTannote = 	 {} 
} 

@article{Barker+1999,
  author = {Barker, W. and Garavelliand, J. and McGarvey, P. and Marzec, C. and Orcutt, B. and Srinivasaro, G. and Yeh, L. and Ledley, R.
            and Mewes, H. and Pfeiffer, F. and Tsugita, A. and Wu, C.},
  title = {The {PIR} international protein sequence database.},
  journal = {Nucleic Acids Research},
  year = {1999},
  number = {1},
  volume = {27},
  pages = {39--43}
}
 
@Article{Bateman+2002, 
  author = 	 {Bateman, A. and  Birney, E. and  Cerruti, L. and  Durbin, R. and  Etwiller, L. and  Eddy, S.R. and  Griffiths-Jones, S. and  Howe, K.L. and  Marshall, M. and  Sonnhammer, E. L.}, 
  title = 	 {The {Pfam} Protein Families Database}, 
  journal = 	 {Nucleic Acids Research}, 
  year = 	 {2002}, 
  OPTkey = 	 {}, 
  volume =	 {30}, 
  number =	 {1}, 
  pages =	 {276--280}, 
  OPTmonth = 	 {}, 
  OPTnote = 	 {}, 
  OPTannote = 	 {} 
} 
 
@inproceedings{Bayardo+1997, 
    author = "R. J. {Bayardo, Jr.} and W. Bohrer and R. Brice and A. Cichocki and J. Fowler and A. Helal and V. Kashyap and T. Ksiezyk and G. Martin and M. Nodine and M. Rashid and M. Rusinkiewicz and R. Shea and C. Unnikrishnan and A. Unruh and D. Woelk", 
    title = "{InfoSleuth}: Agent-Based Semantic Integration of Information in Open and Dynamic Environments", 
    booktitle = "Proceedings of the {ACM} {SIGMOD} International Conference on Management of Data", 
    publisher = "ACM Press", 
    address = "New York", 
    pages = "195--206", 
    year = "1997", 
    url = "citeseer.nj.nec.com/bayardo97infosleuth.html" } 


% Cassia
@INPROCEEDINGS{BenHur&Brutlag2005,
   author  = {BenHur, A. and Brutlag, D.},
   title   = {Sequence motifs: highly predictive features of protein function},
   year    = {2005},
   booktitle   = {Feature extraction, foundations and applications},
   pages   = {625--643},
   publisher = {Springer Verlag},
   pages = {}
}

@article{Benson+1993, 
 AUTHOR = {Benson, D. and Lipman, D. J. and Ostell, J.}, 
 TITLE = {Genbank}, 
 JOURNAL = { Nucleic Acids Research}, 
 VOLUME = {21}, 
 PAGES = {2963--2965}, 
 YEAR = 1993 
} 

@article{Benson+2004,
 AUTHOR = {Benson, D. and  Karsch-Mizrachi, I. and Lipman, D. and Ostell, J. and Wheeler, D.},
 TITLE = {Genbank: update},
 JOURNAL = { Nucleic Acids Research},
 VOLUME = {32},
 PAGES = {D23--D26},
 YEAR = 2004
}

@article{Bernstein+1977,
 author = {Bernstein, F. and Koetzle, T. and Williams, G. and Meyer Jr, J. and Brice, M. and Rodgers J. and Kennard, O. and 
           Shimanouchi, T. and Tasumi, M.},
 title = {The protein data bank: a computer-based archival file for macromolecular structures.},
 journal = {Journal of Molecular Biology},
 volume = {2},
 number = {80},
 pages = {319--324},
 year = {1977}
}

@article{Borodovsky&McInich1993, 
 AUTHOR = {Borodovsky, M. and McIninch, J. D.}, 
 TITLE = {{GENEMARK}: Parallel gene recognition for both DNA strands}, 
 JOURNAL = {Computers \& Chemistry}, 
 VOLUME = {17}, 
number = 19, 
 PAGES = {123--133}, 
 YEAR = 1993 
} 
 
@article{ Brown+1998, 
 AUTHOR = { Brown, N. P. and Leroy, C. and Sander, C.}, 
 TITLE = {{MView}: A Web compatible database search or multiple alignment viewer}, 
 JOURNAL = {Bioinformatics}, 
 VOLUME = {14}, 
 PAGES = {380--381}, 
 YEAR = 1998 
} 
 
@InProceedings{Bucher&Bairoch1994, 
  author = 	 {Bucher, P. and Bairoch, A.}, 
  title = 	 {A generalized profile syntax for biomolecular sequences motifs and its function in automatic sequence interpretation}, 
  booktitle = 	 { Proceedings 2nd International Conference on Intelligent Systems for Molecular Biology (ISMB-94)}, 
  OPTcrossref =  {}, 
  OPTkey = 	 {}, 
  pages =	 {53--61}, 
  year =	 {1994}, 
  editor =	 {Altman R. and Brutlag D. and Karp P. and Lathrop R. and Searls D.}, 
  OPTvolume = 	 {}, 
  OPTnumber = 	 {}, 
  OPTseries = 	 {}, 
  address =	 {Menlo Park}, 
  OPTmonth = 	 {}, 
  OPTorganization = {}, 
  publisher =	 {AAAI Press}, 
  OPTnote = 	 {}, 
  OPTannote = 	 {} 
} 


% Cassia
@ARTICLE{Cai+2004,
 author = {Cai, C.Z. and Han, L.Y. and Ji, Z.L. and Chen, Y.Z.},
 title  = {Enzyme family classification by support vector machines},
 journal = {Proteins: Structure, Function, and Bioinformatics},
 year = {2004},
 volume = {55},
 number = {1},
 pages = {66--76}
}
 
@InProceedings{Carter+2001, 
  author = 	 {Carter,K. and Schibeci,D. and Bellgard,M.}, 
  title = 	 {{WWW} issues for conducting sophisticated bioinformatics analysis}, 
  booktitle = 	 {Proceedings of Seventh Australian World Wide Web Conference}, 
  pages = 	 {81--90}, 
  year = 	 {2001} 
} 
 
@inproceedings{ Casari+1996,  
 AUTHOR = {Casari, G. and Ouzounis, C. and Valencia, A. and Sander, C.}, 
 BOOKTITLE = {First Annual Pacific Symposium on Biocomputing}, 
 TITLE = {{GeneQuiz II}: automatic function assignment for genome sequence analysis}, 
 YEAR =	1996 
} 
 
@InProceedings{Cohen1995, 
  author = 	 {Cohen, W. W.}, 
  title = 	 { Fast effective rule induction}, 
  booktitle = 	 {Proc. of the 12th International Machine Learning Conference}, 
  pages = 	 {115--123}, 
  year = 	 {1995}, 
  address = 	 {San Francisco, CA}, 
  publisher = {Morgan Kaufman} 
} 

 @Article{Corpet+1999,
  author = 	 { Corpet, F. and Gouzy, J. and Kahn, D.},
  title = 	 {Recent Improvements of the {Prodom} Database of Protein Domain Families},
  journal = 	 nar,
  year = 	 1999,
  volume = 	 27,
  number = 	 1,
  pages = 	 {263--267},
}

@Article{Dandekar+2000,
  author =       { Dandekar, T. et al},
  title =        {Re-annotating the {\emph{Mycoplasma pneumoniae}} genome sequence: adding value, function and reading frames.},
  journal =      {Nucleic Acids Research},
  year =         2000,
  volume =       28,
  pages =	 {3278--3288}
}

% Cassia
@INPROCEEDINGS{desJardins+1997,
   author  = {des Jardins, M. and Karp, P.D. and Krummenacker, M. and Lee, T.J. and Ouzounis, C.A.},
   title   = {Prediction of enzyme classification from protein sequence without the use of sequence similarity},
   year    = {1997},
   booktitle   = {Proceedings of the International Conference on Intelligent Systems Molecular Biology},
   pages = {92--99}
}

 
@article{ Dritz+1996, 
 AUTHOR = {Dritz, S. S. and Chengappa, M. M. and Nelssen, J. L. and Tokach, M. D. and Goodband, R. D. and Nietfeld, J. C. and Staats, J. J.}, 
 TITLE = {Growth and microbial flora of nonmedicated segregated, early weaned pigs from a commercial swine operation}, 
 JOURNAL = {J. Am. Vet. Med. Assoc.}, 
 VOLUME = {208}, 
 PAGES = {711--715}, 
 YEAR =	1996 
} 
 
@Misc{Durbin&Thierry-Mieg1991, 
  author = 	 {Durbin, Richard  and  Thierry--Mieg, Jean}, 
  title = 	 {{A \emph{C. elegans} database}}, 
  note = 	 {Documentation, code, and data available from anonymous FTP servers at lirmm.lirmm.fr, cele.mrc-lmb.cam.ac.uk and ncbi.nlm.nih.gov} 
} 

@book{ Durbin1998,
 AUTHOR = {Durbin, R. et al},
 TITLE = {Biological Sequence Analysis: Probabilistic Models of Proteins and Nucleic Acids},
 optPUBLISHER = {Cambriedge University Press},
 EDITION = {1st},
 YEAR = 1998
}

 
@Article{Eddy1998, 
  author = 	 {S. R. Eddy}, 
  title = 	 {Profile hidden Markov models}, 
  journal = 	 {Bioinformatics}, 
  year = 	 {1998}, 
  OPTkey = 	 {}, 
  volume =	 {14}, 
  OPTnumber = 	 {}, 
  pages =	 {755-763}, 
  OPTmonth = 	 {}, 
  OPTnote = 	 {}, 
  OPTannote = 	 {} 
} 
 
 
@Article{Etzold+1996, 
  author = 	 {T. Etzold and A. Ulyanov and P. Argos}, 
  title = 	 {{SRS}: information retrieval system for molecular biology data banks}, 
  journal = 	 {Methods Enzymol.}, 
  year = 	 {1996}, 
  OPTkey = 	 {}, 
  volume =	 {266}, 
  OPTnumber = 	 {}, 
  pages =	 {114--128}, 
  OPTmonth = 	 {}, 
  OPTnote = 	 {}, 
  OPTannote = 	 {} 
} 
 
@Article{Falquet+2002, 
  author = 	 {Falquet, L. and  Pagni, M. and  Bucher, P. and  Hulo, N. and  Sigrist, C.J and  Hofmann, K. and  Bairoch, A.}, 
  title = 	 {The {PROSITE} database, its status in 2002}, 
  journal = 	 {Nucleic Acids Res.}, 
  year = 	 {2002}, 
  OPTkey = 	 {}, 
  volume =	 {30}, 
  OPTnumber = 	 {}, 
  pages =	 {235--238}, 
  OPTmonth = 	 {}, 
  note =	 {PubMed: 11752303}, 
  OPTannote = 	 {} 
} 
 
@article{ Freeman+1984, 
 AUTHOR = {Freeman, M. J. and Armstrong, C. H. and Freeman--Sands, L.  and Lopez--Osuna, L.}, 
 TITLE = {Serological cross--reactivity of porcine reference antisera to \emph{Mycoplasma hyopneumoniae}, \emph{M. flocculare}, \emph{M. hyorhinis} and \emph{M. hyosynoviae} indicated by the enzyme--linked immunosorbent assay, complement fixation and indirect hemagglutination tests}, 
 JOURNAL = {Can. J. Comp. Med.}, 
 VOLUME = {48}, 
 PAGES = {202--207}, 
 YEAR = 1984 
} 
 
@article{ Gaasterland&Sensen1996, 
 AUTHOR = {Gaasterland, T. and Sensen, C. W.}, 
 TITLE = {Fully automated genome analysis that reflects user needs and preferences. A detailed 
     	  introduction to the MAGPIE system architecture}, 
 JOURNAL = {Biochemie}, 
 VOLUME = {78}, 
 PAGES = {302--310}, 
 YEAR =	1996 
} 
  
@Article{Gasteiger+2001,
  author = 	 {Gasteiger, E. and Jung, E. and Bairoch, A.},
  title = 	 {SWISS-PROT: Connecting biological knowledge via a protein database},
  journal = 	 {Curr. Issues Mol. Biol.},
  year = 	 {2001},
  OPTkey = 	 {},
  volume = 	 {3},
  OPTnumber = 	 {},
  pages = 	 {47--55},
  OPTmonth = 	 {},
  OPTnote = 	 {},
  OPTannote = 	 {}
}

@article{ Goodwin+1965, 
 AUTHOR = {Goodwin, R. F. and Pomeroy, A. P. and Whittlestone, P.}, 
 TITLE = {Production of enzootic pneumonia in pigs with mycoplasma}, 
 JOURNAL = {Vet. Rec.}, 
 VOLUME = {77}, 
 PAGES = {1247--1249}, 
 YEAR =	1965 
} 
 
@article{ Goodwin1984, 
 AUTHOR = {Goodwin, R. F.}, 
 TITLE = {Apparent reinfection of enzootic--pneumonia--free pig herds: early signs and incubation period}, 
 JOURNAL = {Vet. Res.}, 
 VOLUME = {115}, 
 PAGES = {320--324}, 
 YEAR =	1984 
} 
 
@Article{Green1994, 
  author = 	 {Green, P.}, 
  title = 	 {Ancient conserved regions in gene sequences}, 
  journal = 	 {Current Opinions in Structural Biology}, 
  year = 	 {1994}, 
  key = 	 {4}, 
  pages = 	 {404--412} 
} 
 
@article{ Harris1997, 
 AUTHOR = {Nomi L. Harris}, 
 TITLE = {Genotator: A Workbench for Sequence Annotation}, 
 JOURNAL = {Genome Research}, 
 VOLUME = 7, 
 number = 7, 
 PAGES = {754--762}, 
 YEAR =	1997 
} 
 
@article{ Henikoff+1999, 
 AUTHOR = { Henikoff, J. G. and Henikoff, S. and Pietrokovski, S.}, 
 TITLE = {New features of the {Blocks} Database servers}, 
 JOURNAL = {Nucleic Acids Res}, 
 VOLUME = {27},  
 PAGES = {1}, 
 YEAR =	1994 
} 
 
@article{ Higo+1999, 
 AUTHOR = {Higo, K. and Ugawa, Y. and Iwamoto, M. and Korenaga, T.}, 
 TITLE = {Plant cis--acting regulatory {DNA} elements ({PLACE}) database}, 
 JOURNAL = {Nucleic Acids Res}, 
 VOLUME = {27}, 
 PAGES = {297-300}, 
 YEAR = 1999 
} 

@article{ Himmelreich+1996,
 AUTHOR = {Himmelreich, R. and Hilbert, H. and Plagens, H. and Pirkl, E. and Li, B. and Herrmann,R.},
 TITLE = {Complete sequence analysis of the genome of the bacterium Mycoplasma pneumoniae},
 JOURNAL = {Nucleic Acids Research},
 VOLUME = {24},
 PAGES = {4420--4449},
 YEAR = 1996
}
 
@Misc{ Hoersch+2000, 
 AUTHOR = {Hoersch, S. C. and Leroy, N. P. and Brown, M. A. and Andrade and C. Sander}, 
 TITLE = {GeneQuiz web server: Protein functional analysis through 
     the Web}, 
 YEAR =	2000 
} 
 
@article{Hofman+1999, 
 AUTHOR = {Hofmann, K. and Bucher, P. and Falquet, L. and Bairoch, A.}, 
 TITLE = {The {P}ROSITE database, its status in 1999}, 
 JOURNAL = {Nucleic Acids Res}, 
 VOLUME = {27}, 
 PAGES = {1}, 
 YEAR = 1999 
} 
 
@incollection{ Iliopoulos+2000, 
 AUTHOR = {Iliopoulos,Ioannis  and  Tsoka, Sophia and Andrade, Miguel A  and Janssen,  Paul  and 	   Audit,  Benjamin and 
           Tramontano,  Anna and  Valencia, Alfonso and  Leroy, Christophe and  Sander, Chris and 	    Ouzounis, Christos A.}, 
 TITLE = {Genome sequences and great expectations}, 
 BOOKTITLE = {Genome Biology}, 
 YEAR = 2000	 
} 
 
 
@Article{Karp1998, 
  author = 	 {Karp, Peter}, 
  title = 	 {What we do not know about sequence analysis and sequence databases}, 
  journal = 	 {Bioinformatics}, 
  year = 	 {1998}, 
  volume = 	 {4}, 
  number = 	 {9}, 
  pages = 	 {753--754}, 
  note = 	 {Editorial} 
} 
 
@article{ King&Stemberg1990, 
 AUTHOR = {King, R. D. and Sternberg, M. J.E. }, 
 TITLE = {Machine Learning Approach for the Prediction of Protein Secondary Structure}, 
 JOURNAL = {J. Mol. Biol.}, 
 VOLUME = {216}, 
 PAGES = {441--57}, 
 YEAR = 1990 
} 
 
@article{ King+1992, 
 AUTHOR = {R. D. King and S. Muggleton and R. A. Lewis and M. J.E.  Sternberg}, 
 TITLE = {Drug Design by machine learning: The use of inductive logic programming to model the structure--activity relationships of trimethoprim analogues binding to dihydrofolate reductase}, 
 JOURNAL = {Proc. Natl. Acad. Sci}, 
 VOLUME = {89}, 
 PAGES = {11322--26}, 
 YEAR = 1992 
} 
 
@Article{Kirkness&Kerlavage1997, 
  author = 	 {Kirkness, E. F and Kerlavage,  A. R.}, 
  title = 	 { The {TIGR} human {cDNA} database}, 
  journal = 	 {Methods Mol Biol,}, 
  year = 	 {1997}, 
  volume = 	 {69}, 
  pages = 	 {261--268} 
} 
 
@article{ Kobisch&Friis1996, 
 AUTHOR = {Kobisch, M. and Friis, N. F.}, 
 TITLE = {Swine mycoplasmoses}, 
 JOURNAL = {Rev. Sci. Tech. Off. Int. Epizoot.}, 
 VOLUME = {15}, 
 PAGES = {1569--1606}, 
 YEAR =	1996 
} 
 
@article{Krebs&Bourne2004,
author = {Krebs, Werner G. and Bourne, Philip E.},
title = {{Statistically rigorous automated protein annotation}},
journal = {Bioinformatics},
volume = {20},
number = {7},
pages = {1066--1073},
year = {2004},
abstract = {Motivation: Assignment of putative protein functional annotation by comparative analysis using pre-defined experimental annotations is performed routinely by molecular biologists. The number and statistical significance of these assignments remains a challenge in this era of high-throughput proteomics. A combined statistical method that enables robust, automated protein annotation by reliably expanding existing annotation sets is described. An existing clustering scheme, based on relevant experimental information (e.g. sequence identity, keywords or gene expression data) is required. The method assigns new proteins to these clusters with a measure of reliability. It can also provide human reviewers with a reliability score for both new and previously classified proteins.  Results: A dataset of 27 000 annotated Protein Data Bank (PDB) polypeptide chains (of 36 000 chains currently in the PDB) was generated from 23 000 chains classified a priori.  Availability: PDB annotations and sample software implementation are freely accessible on the Web at http://pmr.sdsc.edu/go
},
URL = {http://bioinformatics.oupjournals.org/cgi/content/abstract/20/7/1066},
eprint = {http://bioinformatics.oupjournals.org/cgi/reprint/20/7/1066.pdf}
}

@article{ Kretschmann+2001, 
 AUTHOR = {Kretschmann, E. and Fleischmann, W. and Apweiler, R.}, 
 TITLE = {Automatic rule generation for protein annotation with the {C4.5} data mining algorithm 	  applied on {SWISS-PROT}}, 
 JOURNAL = {Bioinformatics}, 
 VOLUME = {17}, 
 PAGES = {920--926}, 
 YEAR = 2001 
} 

@article{ Kulikova+2004,
 author = {Kulikova, T. and others},
 title = {The {EMBL} Nucleotide Sequence Database},
 journal = {Nucleic Acids Research},
 volume = {32},
 pages = {D27--D30},
 year = {2004}
} 
 
@InProceedings{Kulp+1996, 
  author = 	 {Kulp, D. and  Haussler, D. and  Rees, M. G. and  Eeckman, F. H.}, 
  title = 	 { A generalized hidden {M}arkov model for the recognition of human genes in DNA}, 
  booktitle = 	 {Proc. Conf. on Intelligent Systems in Molecular Biology '96}, 
  year = 	 {1996}, 
  address = 	 {St. Louis, Missouri}, 
  publisher = { AAAI/MIT} 
} 
 
@Article{Kyrpides2000,
  author =       {Kyrpides, N. et al},
  title =        {Analysis of the {\emph{Thermotoga maritima}} genome combining a variety of sequence similarity and genome context tools.},
  journal =      {Nucleic Acids Research},
  year =         {2000},
  volume =       {28},
  pages =        {4573--4576}
}

@Article{Lander+2001,
  author  = {Lander, E. and others},
  title   = {Initial sequencing and analysis of the human genome},
  journal = {Nature},
  year    = {2001},
  volume  = {409},
  pages   = {860--921}
}
 
@Article{Lengauer1999, 
  author = 	 {Lengauer, Thomas}, 
  title = 	 {The accessibility of data for bioinformatics}, 
  journal = 	 { Bioinformatics}, 
  year = 	 {1999}, 
  volume = 	 {15}, 
  number = 	 {2}, 
  pages = 	 {91--92} 
} 
 
@techreport{Lin&Meidanis2002, 
  number = {IC-02-03}, 
  title = {Vis{\~a}o Geral do Sistema de Anota{\c{c}}{\~a}o de Prote{\'\i}nas de Transporte}, 
  author = {Lin Tzy-Li e Jo{\~a}o Meidanis}, 
  month = mar, year = {2002}, 
  institution = {IC-Unicamp}, 
  pages = {22}, 
  language = port} 
 
 
@Article{Lukashin&Borodovsky1998, 
  author = 	 {Lukashin, A. and Borodovsky, M.}, 
  title = 	 {{GeneMark.hmm}: new solutions for gene finding}, 
  journal = 	 {Nucleic Acids Research}, 
  year = 	 {1998}, 
  volume = 	 {26}, 
  number = 	 {4}, 
  pages = 	 { 1107--1115} 
} 
 
@article{ Lupas+1991, 
 AUTHOR = { Lupas, A. and Van Dyke, M. and Stock, J.}, 
 TITLE = {Coils}, 
 JOURNAL = {Science}, 
 VOLUME = {252}, 
 PAGES = {1162--1164}, 
 YEAR =	1991 
} 
 
@article{ Macauley+1998, 
 AUTHOR = {  Macauley, J. and Wang, H. and Goodman, N.}, 
 TITLE = {A model system for studying the integration of molecular biology databases}, 
 JOURNAL = {Bioinformatics}, 
 VOLUME = {14}, 
 PAGES = {575--582}, 
 YEAR =	1998 
} 
 
@article{ Maes+1996, 
 AUTHOR = {Maes, D. and Verdonck, M. and Deluyker, H. and de Kruif, A.}, 
 TITLE = {{\emph{Enzootic pneumonia}} in pigs}, 
 JOURNAL = {Vet. Quart.}, 
 VOLUME = {18}, 
 PAGES = {104--109}, 
 YEAR =	1996 
} 
 
@article{ Mare&Switzer1965, 
 AUTHOR = {Mare, C. J. and Switzer, W. P.}, 
 TITLE = {{\emph{Mycoplasma hyopneumoniae}}, a causative agent of virus pig pneumonia}, 
 JOURNAL = {Vet. Med.}, 
 VOLUME = {60}, 
 PAGES = {841--845}, 
 YEAR =	1965 
} 

@article{ Miyazaki+2004,
 author = {Miyazaki, S. and Sugawara, H. and Ikeo, K. and Gojotori, T. and Tateno, Y.},
 title = {{DDBJ} in the stream of various biological data.},
 journal = {Nucleic Acids Research},
 volume = {32},
 pages = {D31-D34},
 year = {2004}
}
 
@Article{Moeller+1999, 
  author = 	 {Steffen M\"oller and U. Leser and W. Fleischmann and R. Apweiler}, 
  title = 	 {{EDITtoTrEMBL}: A distributed approach to high--quality automated protein sequence annotation}, 
  journal = 	 {Bioinformatics}, 
  year = 	 {1999}, 
  volume = 	 {15}, 
  Tnumber = 	 {3}, 
  pages = 	 {219--227} 
} 
 
@Article{Moeller&Schroeder2001, 
  author = 	 {Steffen Mï¿½ler and Michael Schroeder}, 
  title = 	 {Consistent Integration of non-reliable heterogeneous information resources applied to the annotation of transmembrane proteins}, 
  journal = 	 {Journal of Computing and Chemistry}, 
  year = 	 {2001} 
} 

@article{Mulder+2003,
  author = {Mulder, N. and others},
  title = {The Interpro Database, 2003 brings increased coverage and new features},
  journal = {Nucleic Acids Research},
  volume = {31},
  pages = {315--318},
  year = {2003}
}
 
@Article{Numa+2001, 
  author = 	  {Numa, Hisataka and Sakata, Katsumi and Nagamura, Yoshiaki and Antonio, Baltazar A. and  Idonuma, Atsuko and Shimizu, Yuji and Horiuchi, Ikuo  and  Matsumoto, Takashi and Sasaki, Takuji and Higo, Kenichi }, 
  title = 	 {RiceGAAS: An Automated Annotation System for Rice Genome}, 
  journal = 	 {Genome Informatics }, 
  year = 	 {2001}, 
  Tvolume = 	 {12}, 
  pages = 	 {496-497}, 
} 
 
@article{ Pearson&Lipman1988, 
 AUTHOR = { Pearson, W. R. and Lipman, D. J.}, 
 TITLE = {Improved tools for biological sequence comparison}, 
 JOURNAL = {Proc. Natl. Acad. Sci.}, 
 VOLUME = {85}, 
 PAGES = {2444--2448}, 
 YEAR =	1988 
} 

@Article{Pennisi1999, 
  author = 	 { Pennisi, Elizabeth}, 
  title = 	 {Keeping genome databases clean and up to date}, 
  journal = 	 {Science}, 
  year = 	 {1999}, 
  volume = 	 {286}, 
  pages = 	 {447--50}, 
 } 
 
 
@TechReport{Prati+2001, 
  author = 	 {Prati, R. C. and  Baranauskas, J. A. and Monard, M. C.}, 
  title = 	 {Uma proposta de unifica\c c\~ao da linguagem de representaï¿½o de conceitos de algoritmos de aprendizado de m\'aquina simb\'olicos}, 
  institution =  {ICMC-USP}, 
  year = 	 {2001}, 
  number = 	 {137} 
} 
 
 
@Article{Promponas+2000, 
  author = 	 {Promponas, V. J. and Enright, A. J. and Tsoka, S. and Kreil, D. and Leroy, C. Hamodrakas, S. and Sander, C. and Ouzounis. C. A.}, 
  title = 	 {{biasdb/CAST}}, 
  journal = 	 {Bioinformatics}, 
  year = 	 {2000}, 
  volume =	 {16}, 
  number =	 {10}, 
  pages =	 {915--922}, 
  OPTmonth = 	 {}, 
  OPTnote = 	 {}, 
  OPTannote = 	 {} 
} 
 
 
@article{ Razin+1998, 
 AUTHOR = {Razin, S. and Yogev, D. and Naot, Y.}, 
 TITLE = {Molecular biology and pathogenicity of mycoplasmas}, 
 JOURNAL = {Microbiol Mol Biol Rev}, 
 VOLUME = {62}, 
 PAGES = {1094--1156}, 
 YEAR =	1998 
} 

@article{Reese+2000,
 author = {Reese, M. and others},
 title = {Genome annotation assessment in {\emph{Drosophila melanogaster}}},
 journal = {Genome Research},
 volume = {10},
 number = {4},
 pages = {483--501},
 year = {2000}
}

@TechReport{ Riedmiller&Braun1994, 
  author = {M. Riedmiller and H. Braun}, 
  title = {{RPROP} -- Description and Implementation Details}, 
  text = {M. Riedmiller and H. Braun. RPROP -- Description and Implementation Details. 
    Technical Report. Universit\"at Karlsruhe, 1994.}, 
  year = {1994}, 
  url = {citeseer.nj.nec.com/riedmiller94rprop.html} } 
 
@book{ Ross1992, 
 AUTHOR = {Ross, R. F.}, 
 TITLE = {Mycoplasmal diseases}, 
 optPUBLISHER = {}, 
 EDITION = {7th}, 
 PAGES = {537--551}, 
 YEAR =	1992 
} 
 
@article{ Rost&Sander1994, 
 AUTHOR = {Rost, B. and Sander, C.}, 
 TITLE = {Conservation and prediction of solvent accessibility in protein families}, 
 JOURNAL = {Proteins},	 
 VOLUME = {20}, 
 number = 3,
 PAGES = {216--226}, 
 YEAR = 1994 
} 

@article{ Rost+1994, 
 AUTHOR = {Rost, B. and Sander, C. and Schneider, R.}, 
 TITLE = {PredictProtein}, 
 JOURNAL = {CABIOS}, 
 VOLUME = {10}, 
 PAGES = {53--60}, 
 YEAR = 1994 
} 
 
@article{ Rost+1995, 
 AUTHOR = { Rost, B. and Casadio, R. and Fariselli, P. and Sander, C.}, 
 TITLE = {Transmembrane helices predicted at 95\% accuracy}, 
 JOURNAL = {Protein Sci}, 
 VOLUME = {4:3}, 
 PAGES = {521--533}, 
 YEAR = 1995 
} 
 
@inproceedings{ Sakata+2000, 
 AUTHOR = {Sakata, K. and Nagasaki, H. and Idonuma, A. and Watanabe, W. and Kise, M. and Sasaki, 	   T.}, 
 TITLE = {{RiceHMM}: gene domain prediction program for rice genome sequence}, 
 BOOKTITLE = {Abstracts of 4th Annual Conference on Computational Genomics}, 
 PAGES = {31}, 
 YEAR = 2000 
} 
 
@Article{Salzberg+1998, 
  author = 	 {S. Salzberg and A. Delcher and S. Kasif and O. White}, 
  title = 	 {Microbial gene identification using interpolated {M}arkov models}, 
  journal = 	 {Nucleic Acids Research}, 
  year = 	 {1998}, 
  volume = 	 {26}, 
  number = 	 {2}, 
  pages = 	 {544--548} 
} 
 
@article{Sander&Schneider1991, 
 AUTHOR = {Sander, C. and Schneider, R. }, 
 TITLE = {{MaxHom}}, 
 JOURNAL = {Proteins}, 
 VOLUME = {9}, 
 PAGES = {56--69}, 
 YEAR = 1991 
} 
 
@inproceedings{Scharf+1994, 
 AUTHOR = {Scharf, M. and Schneider, R. and Casari, G. and Bork, P. and  Valencia, A. and            Ouzounis, C. and Sander, C.}, 
 BOOKTITLE = {Second International Conference on Intelligent Systems for 
          Molecular Biology}, 
 TITLE = {{GeneQuiz}: a workbench for sequence analysis}, 
 pages = {348-53},
 YEAR =	1994 
} 

@inproceedings{Searls1995, 
 AUTHOR = {Searls, D. B.}, 
 TITLE = {{bioTk}: Componentry for genome informatics graphical user interfaces}, 
 BOOKTITLE ={COMBIS}, 
 VOLUME = {}, 
 PAGES = {}, 
 YEAR = 1995, 
 NOTE = {http://www.cbil.upenn.edu/~dsearls/bioTk\_paper/paper.html} 
} 

@book{Setubal&Meidanis1997,
    author={J. C. Set\'ubal and J. Meidanis},
    title={Introduction to Computational Molecular Biology},
    publisher={PWS Publishing Company},
    year={1997}
}

@article{Smith+1981,
 author = {Smith, T. and Waterman, M.},
 title = {Identification of common molecular subsequences},
 journal = {Journal of Molecular Biology},
 volume = {147},
 pages = {195--197},
 year = {1981}
}

@article{Stein2001,
 author = {Stein, L.},
 title = {Genome Annotation: from sequence to biology},
 journal = {Nature Reviews},
 volume = {2},
 pages = {493--503},
 year = 2001
}
 
@article{Tamames+1998, 
 AUTHOR = {Tamames, J. and Ouzounis, C. and Sander, C. and Valencia, A.}, 
 TITLE = {Prediction of protein functional class}, 
 JOURNAL = {FEBS Lett.}, 
 VOLUME = {389}, 
 PAGES = {96--101}, 
 YEAR = 1996 
} 

@article{Tatusov+1996,
 AUTHOR = {Tatusov, R. et al},
 TITLE = {Metabolism and evolution of {\emph{Haemophilus influenzae}} deduced from a whole-genome comparision with {\emph{Escherichia coli}}},
 JOURNAL = {Current Biology},
 VOLUME = {6},
 PAGES = {279--291},
 YEAR = 1996
}
 
@article{ Thomas&Skolnick1994, 
 AUTHOR = {Thomas, A. and Skolnick, M. H.}, 
 TITLE = {A probabilistic model for detecting coding regions in {DNA} sequences}, 
 JOURNAL = {IMA Journal of Mathematics Applied in Medicine and Biology}, 
 VOLUME = {11}, 
 PAGES = {149--160}, 
 YEAR = 1994 
} 

@article{ Uberacher&Mural1991,
 AUTHOR = {Uberacher, E. and Mural R.},
 TITLE = {Locating protein-coding regions in human {DNA} sequences by a multiple sensor-neural network approach},
 JOURNAL = {Proc. Natl. Acad. Sci.},
 VOLUME = {28},
 PAGES = {11261--11265},
 YEAR = 1991
}

% Cassia
@ARTICLE{Weinert&Lopes2004,
 author = {Weinert, W.R. and Lopes, H.S.},
 title  = {Neural networks for protein classification},
 journal = {Applied Bioinformatics},
 year = {2004},
 volume = {3},
 number = {1},
 pages = {41--48}
}
 
@ARTICLE{Whitfield+2002,
       author = {Whitfield, C. W. and Band, M. R. and Bonaldo, M. F. and Kumar C. G. and Liu, L. and Pardinas, J. R. and Robertson, H. M. and Soares, M. B. and Robinson, E. G.},
       title = {Annotated Expressed Sequence Tags and {cDNA} Microarrays for Studies of Brain and Behavior in the Honey
Bee},
       journal = {Genome Resource},
       year    = {2002},
       volume  = {12},
       number  = {4},
       pages   = {555--566},
       url     = {http://www.genome.org/cgi/content/abstract/12/4/555},
       eprint  = {http://www.genome.org/cgi/reprint/12/4/555.pdf}
}

@article{ Wootton&Federhen1996, 
 AUTHOR = { Wootton, J. C. and Federhen, S.}, 
 TITLE = {Analysis of compositionally biased regions in sequence databases}, 
 JOURNAL = {Methods Enzymol}, 
 VOLUME = {266}, 
 PAGES = {554--571}, 
 YEAR =	1996 
} 
 
 
@Article{Worley+1998, 
  author = 	 { Worley, K. C. and Culpepper,  P. and Wiese,  B. A.  and Smith,  R. F.}, 
  title = 	 {{Beauty-X: enhanced blast searches for DNA queries}}, 
  journal = 	 {Bioinformatics}, 
  year = 	 {1998}, 
  Tvolume = 	 {14}, 
  pages = 	 {890--891} 
} 
 
@InCollection{Xu+1994, 
  author = 	 {Xu, Y. and Mural, R. J. and Shah, M. B. and Uberbacher, E. C.}, 
  title = 	 {Recognizing Exons in Genomic Sequence Using {GRAIL II}}, 
  booktitle = 	 {Genetic Engineering: Principles and Methods}, 
  publisher =    {Plenum Press}, 
  year = 	 {1994}, 
  editor = 	 {Setlow, Jane} 
} 
 
@Misc{Zaha+2001, 
 AUTHOR = {Zaha, A.}, 
 TITLE = {Projeto Rede Sul de An\'alise de Genomas e Biologia Estrutural}, 
 YEAR =	2001, 
 note = {In Portuguese} 
} 
 
@Article{Zdobnov+2002, 
  author = 	 {Evgeny M. Zdobnov and Rodrigo Lopez and Rolf Apweiler and Thrure Etzold}, 
  title = 	 {The {EBI SRS} server --- new features}, 
  journal = 	 {Bioinformatics}, 
  year = 	 {2002}, 
  OPTkey = 	 {}, 
  volume =	 {18}, 
  number =	 {8}, 
  pages =	 {1149--1150}, 
  month =	 {August}, 
  OPTnote = 	 {}, 
  OPTannote = 	 {} 
} 
 
 
  OPTkey = 	 {}, 
  volume =	 {18}, 
  number =	 {8}, 
  pages =	 {1149--1150}, 
  month =	 {August}, 
  OPTnote = 	 {}, 
  OPTannote = 	 {} 
} 
 
 YEAR =	1996 
} 
 
 
@Article{Worley+1998, 
  author = 	 { Worley, K. C. and Culpepper,  P. and Wiese,  B. A.  and Smith,  R. F.}, 
  title = 	 {{Beauty-X: enhanced blast searches for DNA queries}}, 
  journal = 	 {Bioinformatics}, 
  year = 	 {1998}, 
  Tvolume = 	 {14}, 
  pages = 	 {890--891} 
} 
 
@InCollection{Xu+1994, 
  author = 	 {Xu, Y. and Mural, R. J. and Shah, M. B. and Uberbacher, E. C.}, 
  title = 	 {Recognizing Exons in Genomic Sequence Using {GRAIL II}}, 
  booktitle = 	 {Genetic Engineering: Principles and Methods}, 
  publisher =    {Plenum Press}, 
  year = 	 {1994}, 
  editor = 	 {Setlow, Jane} 
} 
 
@Misc{Zaha+2001, 
 AUTHOR = {Zaha, A.}, 
 TITLE = {Projeto Rede Sul de An\'alise de Genomas e Biologia Estrutural}, 
 YEAR =	2001, 
 note = {In Portuguese} 
} 
 
@Article{Zdobnov+2002, 
  author = 	 {Evgeny M. Zdobnov and Rodrigo Lopez and Rolf Apweiler and Thrure Etzold}, 
  title = 	 {The {EBI SRS} server --- new features}, 
  journal = 	 {Bioinformatics}, 
  year = 	 {2002}, 
  OPTkey = 	 {}, 
  volume =	 {18}, 
  number =	 {8}, 
  pages =	 {1149--1150}, 
  month =	 {August}, 
  OPTnote = 	 {}, 
  OPTannote = 	 {} 
} 
 
