%ATENCAO: INCLUDIR QUEM E *QUANDO* (MES/ANO) INSERIU !!

% Cassia - mariana ago 2011 (do antigo bioinfo.tex)
@ARTICLE{Cai+2004,
 author = {Cai, C.Z. and Han, L.Y. and Ji, Z.L. and Chen, Y.Z.},
 title  = {Enzyme family classification by support vector machines},
 journal = {Proteins: Structure, Function, and Bioinformatics},
 year = {2004},
 volume = {55},
 number = {1},
 pages = {66--76}
}

% Monireh - 07/2011
@InProceedings{Cai&Yang2007,
  author =       {Cai, C.Q. and Yang, Z.S.},
  title =        {Study on Urban Traffic Management based on Multi-agent System},
  booktitle =    {Proc. Sixth International Conference on Machine Learning and Cybernetics },
  publisher =    {IEEE},
  year =         {2007},
  address =      {Hong Kong},
  month =        {August},
  pages =        {25--29},
}

% Anderson 06/11/2011
@InProceedings{ Caliskan+2006,
	title = "Decentralized discovery of free parking places",
	author = "M. Caliskan and D. Graupner and M. Mauve",
	booktitle = "Proceedings of the 3rd international workshop on Vehicular ad hoc networks",
	pages = "30--39",
	year = "2006",
	organization = "ACM"
}

%Daniel 05/09
@ARTICLE{Calisti+2005,
 AUTHOR =       {M. Calisti and K. Dorer and C. Danneger},
 TITLE =        {Living Systems Adaptive Transportation Networks},
 JOURNAL =      {AgentLink News},
 YEAR =         {2005},
 number =       {17},
 pages =        {32-34},
}

% fabiana - 02/06/2008
@ARTICLE{Camacho+2002,
   AUTHOR =  {David Camacho and Jose M. Molina and Daniel Borrajo and Ricardo Aler},
   TITLE =   {MAPWEB: Cooperation between Planning Agents and Web Agents},
   JOURNAL = {Information \& Security: Special issue on agent-based Technologies},
   YEAR =    {2002},
   volume =  {8},
   number = {2},
   pages =   {209--238},
   month =   {December},
   address = {Netherlands}
}

@ARTICLE{Camazine&Sneyd1991,
   AUTHOR =  {Camazine, S. and Sneyd, J.},
   TITLE =   {A Model of Collective Nectar Source Selection by Honey Bees: Self-organization Through Simple Rules},
   JOURNAL = {Journal of Theoretical Biology},
   YEAR =    {1991},
   volume =  {149},
   number =  {4},
   pages =   {547--571},
   month =   {April}
}

%ALTERADO POR DANIELA EM 07/2007
@BOOK{Camazine+2003,
   author =    {Camazine, S. and Deneubourg, J. D. and Franks, N. R. and Sneyd, J. and Theraulaz, G. and Bonabeau, E.},
   title  =    {Self-Organization in Biological Systems},
   publisher = {Princeton University Press},
   address =   {Princeton, N.J.},
   year =      {2003},
   pages =     {538}
}

@inproceedings{Cammarata+1983,
   author =    {Cammarata, S. and McArthur, D. and Steeb, R.},
   title =     {Strategies of Cooperation in Distributed Problem Solving},
   booktitle = {Int. Joint Conf. on Artificial Intelligence},
   year =      {1983},
   pages =     {767--770},
   address =   {Karlsruhe, F.R. of Germany}
}

@incollection{Campbell&DInverno1990,
   author =    {Campbell, J. A. and D'Inverno, P.},
   title =     {Knowledge Interchange Protocols},
   booktitle = {Decentralized AI},
   publisher = {Elsevier},
   year =      {1990},
   editor =    {Demazeau, Y. and M\"uller, J. P.}
}

%inserido Bruno 04/2006 (revisado Bruno - 25/09/06; modificado Ana fev. 2007; rev. Denise 08/2008)
@inproceedings{Camponogara&Kraus2003,
   author    = {Eduardo Camponogara and Kraus Jr., Werner},
   title     = {Distributed Learning Agents in Urban Traffic Control.},
   booktitle = {EPIA},
   editor    = {Fernando Moura-Pires and Salvador Abreu},
   year      = {2003},
   location  = {Beja, Portugal},
   pages     = {324--335}
}

@inproceedings{Campos+2001,
   author =    {Campos, M. and Bonabeau, E. and Theraulaz, G. and Deneubourg, J.},
   title =     {Dynamic Scheduling and Division of Labor in Social Insects.},
   booktitle = {Adaptive Behavior},
   year =      {2001},
   pages =     {83--96},
   volume =    {8--2}
}

@inproceedings{Canamero1997,
   author =    {Ca\~namero, D.},
   title =     {A Hormonal Model of Emotions for Behavior Control},
   booktitle = {Proc. of 4th European Conference on Artificial Life, ECAL'97},
   year =      {1997},
   optmonth =  {July}
}

@inbook{Canamero&Velde1999,
   author =    {Ca\~namero, D. and Van de Velde, W.},
   title =     {Human Cognition and Social Agent Technology},
   chapter =   {Emotionally Grounded Social Interaction},
   publisher = {John Benjamins},
   year =      {1999},
   series =    {Advances in Consciousness Research},
   address =   {Amsterdam}
}

% ana fev 2008
@inproceedings{Cao+2007,
  author    = {Longbing Cao and  Chao Luo and  Chengqi Zhang},
  title     = {Agent-Mining Interaction: An Emerging Area},
  booktitle = {AIS-ADM},
  year      = {2007},
  publisher = {Springer},
  pages     = {60--73},
  VOLUME =    {4476},
  SERIES =    lncs,
  ee        = {http://dx.doi.org/10.1007/978-3-540-72839-9_5}
}

%Daniela 06/2007
@techreport{Caro&Dorigo1997,
   author =      {Caro, D. G. and Dorigo, M.},
   title =       {AntNet: A mobile agents approach for adaptive routing},
   institution = {Universit\'e Libre de Bruxelles, Belgium},
   year =        {1997},
   address =     {Belgium},
   type =        {Technical Report},
   number =      {IRIDIA/97--12}
}

%mariana ago 2011 (do antigo bioinfo.tex)
@InProceedings{Carter+2001, 
  author = 	 {Carter,K. and Schibeci,D. and Bellgard,M.}, 
  title = 	 {{WWW} issues for conducting sophisticated bioinformatics analysis}, 
  booktitle = 	 {Proceedings of Seventh Australian World Wide Web Conference}, 
  pages = 	 {81--90}, 
  year = 	 {2001} 
} 

%mariana ago 2011 (do antigo bioinfo.tex)
@inproceedings{ Casari+1996,  
 AUTHOR = {Casari, G. and Ouzounis, C. and Valencia, A. and Sander, C.}, 
 BOOKTITLE = {First Annual Pacific Symposium on Biocomputing}, 
 TITLE = {{GeneQuiz II}: automatic function assignment for genome sequence analysis}, 
 YEAR =	{1996}, 
} 

% Bruno - 27/04/2007
@inproceedings{Cassandra+1997,
   author =    {Anthony Cassandra and Michael Littman and Nevin Zhang},
   title =     {Incremental Pruning: A Simple, Fast, Exact Method for Partially Observable Markov},
   booktitle = {Proceedings of the 13th Annual Conference on Uncertainty in Artificial Intelligence, {UAI}},
   publisher = {San Francisco, Morgan Kaufmann},
   address =   {Providence, RI, USA},
   year =      {1997},
   pages =     {54--61}
}

@inproceedings{Castelfranchi1995,
   author =    {Cristiano Castelfranchi},
   title =     {Commitments: From Individual Intentions to Groups and Organizations},
   booktitle = {Proceedings of the International Conference on Multi-Agent Systems},
   year =      {1995},
   editor =    {Victor Lesser},
   pages =     {41--48},
   publisher = {Menlo Park: MIT Press},
   address =   {San Francisco, CA}
}

@inproceedings{Castelfranchi+1997,
   author =    {Castelfranchi, C. and de Rosis, F. and Falcone, R.},
   title =     {Social Attitudes and Personalities in Agents},
   booktitle = {AAAI Fall Symposium on Socially Intelligent Agents},
   year =      {1997},
   publisher = {AAAI Press},
   address =   {Cambridge, Massachusetts},
   month =     {November}
}

@article{Castelfranchi1998,
   author =  {Castelfranchi, C.},
   title =   {Modelling Social Action for {AI} Agents},
   journal = {Artificial Intelligence},
   year =    {1998},
   volume =  {103},
   pages =   {157--182}
}

@article{Castelfranchi+1998,
   author =  {Castelfranchi, C. and Conte, R. and Paolucci, M.},
   title =   {Normative Reputation and The Costs of Compliance},
   journal = {Journal of Artificial Societies and Social Simulation},
   year =    {1998},
   volume =  {1},
   number =  {3},
   url =     {http://www.soc.surrey.ac.uk/JASSS/1/3/3.html}
}

@article{Castillo+2004, 
 AUTHOR = {M. D. Castillo and J. I. Serrano}, 
 TITLE = {A Multistrategy Approach for Digital Text Categorization from Imbalanced Documents}, 
 JOURNAL = {SIGKDD Explorations}, 
 VOLUME = {6}, 
 Number = {1},
 PAGES = {70--79}, 
 YEAR = 2004 
}

% Fabiana - 17/11/05
@article{Castro-Schez+2004,
   author =  {Castro-Schez, J.J. and Jennings, N. and Luo, X. and Shadbolt, N.},
   title =   {Acquiring Domain Knowledge for Negotiating Agents: A Case Study},
   journal = {International Journal of Human-Computer Studies},
   volume =  {61},
   number =  {1},
   year =    {2004},
   pages =   {3--31}
}

@InCollection{Cetin+2001,
   author =    {Cetin, Nurhan and Nagel, Kai and Raney, Bryan and Voellmy, Andreas},
   title =     {Large Scale Multi-Agent Transportation Simulations},
   booktitle = {Proceedings of the Computational Physics Conference},
   year =      {2001},
   address =   {Aachen}
}

%denise 01/2008
@InProceedings{Cetin+2003,
   author     = {Cetin, N. and A. Burri and K. Nagel},
   title      = {A Large-Scale Agent-Based Traffic Microsimulation Based  On Queue Model},
   booktitle  = {Proceedings of Swiss Transport Research Conference (STRC)},
   year       = {2003},
   note       = {Earlier version, with inferior performance values: Transportation Research Board Annual Meeting 2003 paper number 03-4272}
}

%denise 07/2007
@INPROCEEDINGS{Chalkiadakis&Boutilier2003,
   title     = {Coordination in Multiagent Reinforcement Learning: A Bayesian Approach},
   author    = {Chalkiadakis, G. and Boutilier, C.},
   booktitle = {Proceedings of the Second International Conference on Autonomous Agents and Multiagent Systems 
(AAMAS)},
   pages     = {709--716},
   year      = {2003}
}

% ana jan. 07
@inproceedings{Chalkiadakis&Boutilier2004,
   author    = {Georgios Chalkiadakis and Craig Boutilier},
   title     = {Bayesian Reinforcement Learning for Coalition Formation under Uncertainty},
   booktitle = {AAMAS},
   year      = {2004},
   pages     = {1090--1097}
}

%denise 07/2007
@INPROCEEDINGS{Chalkiadakis&Boutilier2007,
   author =    {Georgios Chalkiadakis and Craig Boutilier},
   title =     {Coalitional Bargaining with Agent Type Uncertainty},
   booktitle = {Proceedings of the 20th International Joint Conference on Artificial Intelligence (IJCAI)},
   year =      {2007},
   editor =    {Manuela M. Veloso},
   pages =     {1227--1232},
   month =     {January},
   url =       {http://www.ijcai.org/papers07/Papers/IJCAI07-198.pdf}
}

@article{Challet&Zhang1997,
   author =  {Challet, D. and Zhang, Y. C.},
   title =   {Emergence of Cooperation and Organization in an Evolutionary Game},
   journal = {Physica A},
   year =    {1997},
   volume =  {246},
   pages =   {407--418}
}

@article{Challet&Zhang1998,
   author =  {Challet, D. and Zhang, Y. C.},
   title =   {On the Minority Game: Analytical and Numerical Studies},
   journal = {Physica A},
   year =    {1998},
   volume =  {256},
   pages =   {514--532}
}

%daniela 10/2008
@inproceedings{Chandrasekar&Srinivasan2007,
   author    = {Chandrasekar, R. and Srinivasan, T.},
   title     = {An Improved Probabilistic Ant based Clustering for Distributed Databases},
   booktitle = {Proceedings of the 20th International Joint Conference on Artificial Intelligence, IJCAI},
   year      = {2007},
   pages     = {2701--2706},
   address   = {Hyderabad, India}
}

%daniela 10/2008
@inproceedings{Chandrasekar+2006,
   title     = {Probabilistic Ant based Clustering for Distributed Databases},
   author    = {Chandrasekar, R. and Vijaykumar, V. and Srinivasan, T.},
   booktitle   = {Proceedings of the 3rd International IEEE Conference on Intelligent Systems},
   year      = {2006},
   month     = {September},
   pages     = {538--545}
}

@techreport{Chang+1988,
   author =      {Chang, E. C. P. and Lei, J. C. K. and Messer, C. J.},
   title =       {Arterial Signal Timing Optimization using {PASSER-II}},
   institution = {Texas Transportation Institute},
   year =        {1988},
   number =      {467},
   booktitle =   {Research Report - Traffic Operations Program},
   series =      {1}
}

@article{Chaudhury+1996,
   author =  {Chaudhury, A. and Deng, P. S. and Rathmann, S.},
   title =   {A Computational Model of Coordination},
   journal = {IEEE Trans. on Systems, Man and Cybernetics - Part A: Systems and Humans},
   year =    {1996},
   volume =  {26},
   number =  {1},
   pages =   {133--141}
}

%denise 01/2008
@Article{Charypar&Nagel2005,
 author =       {Charypar, D. and K. Nagel},
 title =        {Generating complete all-day activity plans with genetic 
algorithms},
 journal =      {Transportation},
 year =         {2005},
 volume =       {32},
 number =       {4},
 pages =        {369--397},
 OPTmonth =     {},
 OPTnote =      {See www.vsp.tu-berlin.de/publications}
}

% ana ago 10
@Article{Charypar+2007,
	author = {D. Charypar and K. Nagel and K. W. Axhausen},
	title = {An event-driven queue-based microsimulation of traffic flow},
	year  ={2007},
	volume = {2003},
	pages = {35-40},
	journal = {Transportation Research Record}
}

%Anderson Rocha set 2011
@inproceedings{Chen+2006,
    author = {Chen, A. and Khorashadi, B. and Chuah, Chen-Nee and Ghosal, D. and Zhang, M.},
    booktitle = {Intelligent Transportation Systems Conference, 2006. ITSC '06. IEEE},
    citeulike-article-id = {2954967},
    citeulike-linkout-0 = {http://dx.doi.org/10.1109/ITSC.2006.1706766},
    citeulike-linkout-1 = {http://ieeexplore.ieee.org/xpls/abs\_all.jsp?arnumber=1706766},
    doi = {10.1109/ITSC.2006.1706766},
    journal = {Intelligent Transportation Systems Conference, 2006. ITSC '06. IEEE},
    keywords = {network, vanet\_app, vehicular, wireless},
    pages = {349--354},
    posted-at = {2008-07-03 06:09:02},
    priority = {2},
    title = {Smoothing Vehicular Traffic Flow Using Vehicular-Based Ad Hoc Networking \& Computing Grid (VGrid)},
    url = {http://dx.doi.org/10.1109/ITSC.2006.1706766},
    year = {2006}
}

% ana ago 10
@Article{Chen&Cheng2010,
	author = {B. Chen and H. H. Cheng},
	title = {A Review of the Applications of Agent Technology in Traffic and Transportation Systems},
	year  ={2010},
	volume = {11},
	number = {2},
	pages = {485-497},
	journal = {IEEE Transactions in Intelligent Transportation Systems}
}

%mariana junho/2011
@incollection{Chickering1996,
  author = {D. M. Chickering},
  title = {Learning Bayesian networks is {NP}-complete},
  booktitle = {Learning from Data: {A}rtificial {I}ntelligence and {S}tatistics {V}},
  series = {Lecture Notes in Statistics},
  publisher = {Springer-Verlag, New York},
  year = {1996},
  editor = {Doug Fisher and Hans-J. Lenz},
}

% ana out 11
@Misc{Chiu+2011,
  author =      {Yi-Chang Chiu and Jon Bottom and Michael Mahut and Alex Paz and Ramachandran Balakrishna and Travis Waller and Jim Hicks},
  title =      {Dynamic Traffic Assignment: A Primer},
  howpublished = {Transportation Research Circular {E-C153}},
  month =      {June},
  year =      {2011}
} 

%Daniel 05/09
@ARTICLE{Chmura&Pitz2007,
 AUTHOR =       {T. Chmura and T. Pitz},
 TITLE =        {An Extended Reinforcement Algorithm for Estimation of Human Behavior in Congestion Games},
 JOURNAL =      jasss,
 YEAR =         {2007},
 volume =       {10},
 number =       {2}
 }

%% Bruno - 25/09/06 - corrigido 27/04/2007
@inproceedings{Choi+2000,
   author =    {Samuel P. M. Choi and Dit-Yan Yeung and Nevin Lianwen Zhang},
   title =     {An Environment Model for Nonstationary Reinforcement Learning},
   booktitle = {Proceedings of the 12th Advances in Neural Information Processing Systems},
   pages =     {994--1000},
   year =      {2000}
}

%% Bruno - 25/09/06 - corrigido 27/04/2007
@incollection{Choi+2001,
   author =    {Samuel P. M. Choi and Dit-Yan Yeung and Nevin Lianwen Zhang},
   booktitle = {Sequence Learning: Paradigms, Algorithms, and Applications},
   title =     {Hidden-Mode Markov Decision Processes for Nonstationary Sequential Decision Making},
   editor =    {R. Sun and C. L. Giles},
   year =      {2001},
   pages =     {264--287},
   publisher = {Springer},
   address =   {Berlin}
}

% Monireh - 07/2011
@Article{Choy+2003,
  author =       {Choy, M.C. and Srinivasan, D. and Cheu, R.L.},
  title =        {Cooperative, Hybrid Agent Architecture for Real-time Traffic Signal Control},
  journal =      {IEEE Transaction on Systems, Man and Cybernetics- Part 1: Systems and Humans},
  volume =       33,
  number =       5,
  year =         {2003},
  pages =        {597--607},
}

% ana ago/09
@Article{Choi2008,
  author={Jung-Kyoo Choi},
  title={Play locally, learn globally: group selection and structural basis of cooperation},
  journal={Journal of Bioeconomics},
  year=2008,
  volume={10},
  number={3},
  pages={239-257},
  month={December}
}

%ana mar/07
@Article{Chowdhury&Schadschneider1999,
   title =     {Self-Organization of Traffic Jams in Cities: Effects of Stochastic Dynamics and Signal Periods},
   author =    {Chowdhury, Debashish  and Schadschneider, Andreas },
   journal =   {Phys. Rev. E},
   volume =    {59},
   number =    {2},
   pages =     {R1311--R1314},
   numpages =  {3},
   year =      {1999},
   month =     {Feb},
   doi =   {10.1103/PhysRevE.59.R1311},
   publisher = {American Physical Society}
}

@ARTICLE{Chowdhury+1999,
   AUTHOR =  {Chowdhury, D. and Santen, L. and Schadschneider, A. and Sinha, S. and Pasupathy A.},
   TITLE =   {Spatio-Temporal Organization of Vehicles in a Cellular Automata Model of Traffic With \'Slow-to-Start\' Rule},
   JOURNAL = {J. Phys. A},
   YEAR =    {1999},
   VOLUME =  {32},
   PAGES =   {3229--3252}
}

@article{Chowdhury+2000,
   author =  {Chowdhury, D. and Santen, L. and Schadschneider, A.},
   title =   {Statistical Physics of Vehicular Traffic and Some Related Systems},
   journal = {Physics Reports},
   year =    {2000},
   volume =  {329},
   pages =   {199--329}
}

% TOYAMA (06/2005)
@Article{Chowdhury+2004,
   author =  {Chowdhury, Debashish and Nishinari, Katsuhiro and Schadschneider, Andreas},
   title =   {Self-Organized Patterns and Traffic Flow in Colonies of Organisms: From Bacteria and Social Insects to Vertebrates},
   journal = {Phase Transitions: A Multinational Journal},
   year =    {2004},
   volume =  {77},
   number =  {5-7},
   pages =   {601-624},
   month =   {May - June}
}

%daniel 05/09
@INPROCEEDINGS{Ciari+2007,
 AUTHOR =       {F. Chiari and M. Balmer and K. W. Axhausen},
 TITLE =        {Mobility tool ownership and mode choice decision processes in multi-agent transportation simulation},
 BOOKTITLE =    {6th Swiss Transport Research Conference, Ascona, Switzerland, September 2007.},
 YEAR =         {2007},
}

%% Denise (06/2005)
@inproceedings{Cicirello&Smith2001,
   author =    {Cicirello, V. and Smith, S.},
   title =     {Improved Routing Wasps for Distributed Factory Control},
   booktitle = {Proceedings of the Workshop on Artificial Intelligence and Manufacturing: New AI Paradigms for Manufacturing},
   year =      {2001},
   month =     {August},
   url =       {citeseer.nj.nec.com/cicirello01improved.html},
}

%paulo ferreira set 2005
% alterado por boffo (o nome do artigo estava errado) 12/2006
@article{Cicirello&Smith2004,
   author =  {Cicirello, V. and Smith, S.},
   title =   {Wasp-like Agents for Distributed Factory Coordination},
   journal = {Journal of Autonomous Agents and Multi-Agent Systems},
   volume =  {8},
   number =  {3},
   year =    {2004},
   address = {Amsterdam},
   month =   {May},
   pages =   {237--266}
}

@article{Clark&Niblett1989, 
   author =  {Clark, P. and Niblett, T.}, 
   title = 	 {The {CN2} Induction Algorithm}, 
   journal = {Machine Learning}, 
   year = 	 {1989}, 
   volume =  {3}, 
   pages = 	 {261--283} 
} 


@techreport{Claterbos1984,
   author =      {Claterbos, C.},
   title =       {Traffic Signal Optimization Programs - A Comparison Study},
   institution = {Federal Highway Administration},
   year =        {1984},
   number =      {Rep. No. FHWA R7 -84-001},
   address =     {Kansas City}
}

%ana jan 07, at. Denise 08/2008
@InProceedings{Claus&Boutilier1998,
   author =    {Caroline Claus and Craig Boutilier},
   title =     {The Dynamics of Reinforcement Learning in Cooperative Multiagent Systems},
   booktitle = {Proceedings of the Fifteenth National Conference on Artificial Intelligence},
   location  = {Madison, Wisconsin},
   pages =     {746--752},
   year =      {1998}
}

%Daniela 06/2008
@book{Coello+2007,
  author =    {Coello, C. A. C. and Lamont, G. B. and Veldhuizen, D. A. V.},
  publisher = {Springer},
  title =     {Evolutionary Algorithm for Solving Multi-Objective Problems},
  year =      {2007},
  pages =     {800}
}

%mariana ago 2011 (do antigo bioinfo.tex)
@InProceedings{Cohen1995, 
  author = 	 {Cohen, W. W.}, 
  title = 	 { Fast effective rule induction}, 
  booktitle = 	 {Proc. of the 12th International Machine Learning Conference}, 
  pages = 	 {115--123}, 
  year = 	 {1995}, 
  address = 	 {San Francisco, CA}, 
  publisher = {Morgan Kaufman} 
} 

@article{Cohen&Little1982,
   author =  {Cohen, S. L. and Little, J. D. C.},
   title =   {The {MAXBAND} Program for Arterial Timing Plans},
   journal = {Public Roads},
   year =    {1982},
   volume =  {46},
   number =  {2},
   pages =   {61--65}
}

@inproceedings{Cohen&Levesque1987,
   author =    {Cohen, P. R. and  Levesque, H. J.},
   title =     {Intention = choice + commitment},
   booktitle = {The Sixth Nat. Conf. on Art. Intelligence},
   year =      {1987},
   pages =     {410--415},
   publisher = {AAAI Press}
}

% ana fev. 10 (por Vinicius)
@article{Cohen&Levesque1990,
 author = {Cohen, Philip R. and Levesque, Hector J.},
 title = {Intention is choice with commitment},
 journal = {Artificial Intelligence},
 volume = {42},
 number = {2-3},
 year = {1990},
 issn = {0004-3702},
 pages = {213--261},
 doi = {http://dx.doi.org/10.1016/0004-3702(90)90055-5},
 publisher = {Elsevier Science Publishers Ltd.},
 address = {Essex, UK}
 }

% ana fev. 10 (por Vinicius)
@article{Cohen&Levesque1991,
 author = {Cohen, Philip R. and Levesque, Hector J.},
 title = {Teamwork},
 journal = {No\^us},
 volume = {25},
 number = {4},
 year = {1991},
 pages = {487--512}
 }

@article{Coifman2003,
   author =  {Coifman, B.},
   title =   {Identifying the Onset of Congestion Rapidly with Existing Traffic Detectors},
   journal = tra,
   year =    {2003},
   volume =  {37},
   number =  {3},
   pages =   {277--291}
}

@misc{Collier2001,
   author = {Nick Collier},
   title =  {RePAst: An Extensible Framework for Agent Simulation},
   year =   {2001},
   note =   {Dispon\'ivel em: $<$http://repast.sourceforge.net$>$. Acesso em: 2003}
}

@inproceedings{Conte+1999,
   author =    {Conte, Rosaria and Castelfranchi, Cristiano and Dignum, Frank},
   title =     {Autonomous Norm Acceptance},
   booktitle = {Intelligent Agents~V--Proceedings of the Fifth International Workshop on Agent Theories, Architectures, and Languages},
   year =      {1999},
   editor =    {M\"uller, J\"org P. and Singh, Munindar P. and Rao, Anand S.},
   pages =     {99--112},
   publisher = {Springer-Verlag},
   address =   {Heidelberg},
   number =    {1555},
   series =    {Lecture Notes in Artificial Intelligence}
}

@book{Conte&Castelfranchi1995a,
   author =    {Conte, R. and Castelfranchi, C.},
   title =     {Cognitive and Social Action},
   publisher = {UCL Press},
   year =      {1995},
   address =   {London},
   note =      {215 pp.}
}

@incollection{Conte&Castelfranchi1995b,
   author =    {Castelfranchi, C. and Conte, R.},
   title =     {Understanding the Effects of Norms in Social Groups Through Simulation},
   booktitle = {Artificial Societies: The Computer Simulation of Social Life},
   publisher = {UCL Press},
   year =      {1995},
   editor =    {Gilbert, G. N. and Conte, R.},
   pages =     {252--267},
   address =   {London}
}

@BOOK{Cooper+1977,
   AUTHOR =    {Cooper, Leon and Bhat, U. Narayan and LeBlanc, Larry J.},
   TITLE =     {Introduction to Operations Research Models},
   PUBLISHER = {W.B. Saunders Company},
   ADDRESS =   {Philadelphia, London, Toronto},
   YEAR =      {1977}
}

@article{Corkill&Lesser1983,
   author =  {Corkill, Daniel D. and Lesser, Victor},
   title =   {The Use of Meta-Level Control for Coordination in a Distribuited Problem Solving Network},
   year =    {1983},
   journal = {Eighth International Joint Conference on Artificial Intelligence},
   pages =   {748--755}
}

@inproceedings{Corkill1979,
   author =    {Corkill, D. D.},
   title =     {Hierarchical Planning in a Distributed Environment},
   booktitle = {The Sixth Int. Joint Conf. on Art. Intelligence},
   year =      {1979},
   pages =     {168--175}
}

% Fernando 08/11/2007
@book{Cormen+2001,
   author =    {Thomas H. Cormen and Clifford Stein and Ronald L. Rivest and Charles E. Leiserson},
   title =     {Introduction to Algorithms},
   year =      {2001},
   isbn =      {0070131511},
   publisher = {Mit Press},
   address =   {Cambridge, Mass},
   pages =     {1180}
}

%mariana ago 2011 (do antigo bioinfo.tex)
 @Article{Corpet+1999,
  author = 	 { Corpet, F. and Gouzy, J. and Kahn, D.},
  title = 	 {Recent Improvements of the {Prodom} Database of Protein Domain Families},
  journal = 	 nar,
  year = 	 {1999},
  volume = 	 {27},
  number = 	 {1},
  pages = 	 {263--267},
}

% ana set 10
@article{Costa+2007,
  author = {Luciano da F. Costa and Francisco A. Rodrigues and Gonzalo Travieso and P. R. Villas Boas},
  journal = {Advances in Physics},
  number = 1,
  pages = {167--242},
  title = {Characterization of complex networks: A survey of measurements},
  volume = 56,
  year = 2007
}

% ana jun 11
@incollection{Costa-Montenegro+2007,
    author = {Enrique Costa-Montenegro and Juan C. Burguillo-Rial and Francisco J. Gonz\'{a}lez-Casta\~{n}o and Javier Vales-Alonso},
    booktitle = {Computational Intelligence for Agent-based Systems},
    editor = {Raymond S. T. Lee and Vincenzo Loia},
    pages = {29--60},
    publisher = {Springer},
    series = {Studies in Computational Intelligence},
    title = {Agent-Controlled Sharing of Distributed Resources in User Networks},
    url = {http://dblp.uni-trier.de/db/series/sci/sci72.html#Costa-MontenegroBGV07},
    volume = 72,
    year = 2007,
    isbn = {978-3-540-73175-7}
}

% ana jun 11
@article{Costa-Montenegro+2010,
    author = {Costa-Montenegro, E. and Burguillo-Rial, J. C. and Gil-Casti\~{n}eira, F. and Gonz\'{a}lez-Casta\~{n}o, F. J.},
    title = {Implementation and analysis of the BitTorrent protocol with a multi-agent model},
    journal = {J. Netw. Comput. Appl.},
    volume = {34},
    issue = {1},
    month = {January},
    year = {2011},
    issn = {1084-8045},
    pages = {368--383},
    numpages = {16},
    doi = {http://dx.doi.org/10.1016/j.jnca.2010.06.010},
    publisher = {Academic Press Ltd.}
}

% Ana (por Vinicius) 16/06/2010
@article{Cotta+2006,
 author = {Cotta, Carlos and Merelo, Juan-Juli\'{a}n},
 title = {The complex network of {EC} authors},
 journal = {SIGEVOlution},
 volume = {1},
 number = {2},
 year = {2006},
 pages = {2--9},
 doi = {http://doi.acm.org/10.1145/1147192.1147193},
 publisher = {ACM},
 address = {New York, NY, USA}
}

% TOYAMA
@Article{Couzin&FRanks2003,
   author =  {Couzin, I. D. and Franks, N. R.},
   title =   {Self-organized Lane Formation and Optimized Traffic Flow in Army Ants},
   journal = {Proceedings Royal Society B},
   year =    {2003},
   volume =  {270},
   number =  {1511},
   month =   {Janeiro}
}

@misc{Crabtree+1996,
   author =       {Crabtree, M. R. and Vincent, R. A. and Harrison, S.},
   title =        {Transyt/10 User Manual},
   howpublished = {Transport Research Laboratory - Crowthorne, Inglaterra},
   year =         {1996}
}

%Fernando 03/03/2009
@InCollection{Cramton+2006,
   author =    {Peter Cramton and Yoav Shoham and Richard Steinberg},
   title =     {Introduction to Combinatorial Auctions},
   booktitle = {Combinatorial Auctions},
   pages =     {1--13},
   publisher = {The MIT Press},
   year =      {2006},
   editor =    {Pciaeter Cramton and Yoav Shoham and Richard Steinberg},
   address =   {Cambridge}
}

@ARTICLE{Craven&Shavlik1994,
  author =       {M. W. Craven and J. W. Shavlik},
  title =        {Machine Learning Approaches to Gene Recognition},
  journal =      {IEEE Expert},
  year =         {1994},
  volume =       {9},
  number =       {2},
  pages =        {2--10},
  month =        {Abril},
}

% 02/09/08 por Daniel
@inproceedings{Croitoru&Compa2006,
  author    = {M. Croitoru and E. Compatangelo},
  title     = { Ontology constraint satisfaction problems using Conceptual Graphs},
  booktitle = {Proceedings of the 26th International Conference of the Brit. Comp. Soc. Specialist Group on Artificial Intelligence (SGAI2006)},
  year      = {2006},
  pages     = {}
}

%Denise 11/2008
@INPROCEEDINGS{Croonenborghs+2006,
  author = {Croonenborghs, Tom and Tuyls, Karl and Ramon, Jan and Bruynooghe,
	Maurice},
  title = {Multi-agent relational reinforcement learning. Explorations in multi-state
	coordination tasks},
  booktitle = {First International Workshop on Learning and Adaptation in MultiAgent
	System, LAMAS, Revised Selected Papers},
  year = {2006},
  volume = {3898},
  series = {Lecture Notes in Computer Science},
  pages = {192--206},
  publisher = {Springer},
  note = {http://www.cs.kuleuven.ac.be/cgi-bin-dtai/publ\_info.pl?id=41977},
  editors = {Tuyls, K. and Verbeeck, K. and 't Hoen P. and Sen S.},
  pdf = {Learning/RelationalRL/Croonenborghs+2006.pdf}
}

@inproceedings{Cuena+1992,
   author =    {Cuena, J. and Ambrosino, G. and Boero, M.},
   title =     {A General Knowledge-Based Architecture for Traffic Control: the {KITS} approach},
   booktitle = {Int. Conf. on Artificial Intelligence Applications in Transportation Engineering},
   year =      {1992},
   address =   {California}
}

@Article{Cuena+1995,
   author =  {Cuena, J. and Hernandez, J. and Molina, M.},
   title =   {Knowledge-based Models for Adaptive Traffic Management Systems},
   journal = {Transpn. Res. C},
   year =    {1995},
   volume =  {3},
   pages =   {311}
}

% ana 21.4.06
@inproceedings{Daamen+2002,
   author =    {W. Daamen and P. H. L. Bovy and S. P. Hoogendroorn},
   title =     {Modelling Pedestrians in Transfer Stations},
   booktitle = {Pedestrian and Evacuation Dynamics},
   year =      {2002},
   isbn =      {3-540-42690-6},
   pages =     {59--74},
   location =  {K\"oln, Germany},
   editor =    {M. Schreckenberg and S. Deo Sharma},
   publisher = {Springer-Verlag}
}

%Daniel 05/09
@PHDTHESIS{Daamen2004,
 AUTHOR =       {W. Daamen},
 TITLE =        {Modelling Passenger Flows in Public Transport Facilities},
 SCHOOL =       {Technische Universiteit Delft},
 YEAR =         {2004},
}

%denise 10.2006
@INPROCEEDINGS{Dacierno+2006,
   TITLE =     {A Stochastic Traffic Assignment Algorithm Based on Ant Colony Optimisation},
   AUTHOR =    {Luca D'Acierno and Bruno Montella and Fortuna {De Lucia}},
   EDITOR =    {M. Dorigo and L.M. Gambardella and M. Birattari and A. Martinoli and R. Poli and T. St\"utzle},
   BOOKTITLE = {Ant Colony Optimization and Swarm Intelligence, 5th International Workshop, ANTS~2006},
   YEAR =      {2006},
   PUBLISHER = {Springer-Verlag},
   VOLUME =    {4150},
   SERIES =    lncs,
   ADDRESS =   {Berlin, Germany},
   PAGES =     {25--36}
}

% Monireh - 07/2011
@InProceedings{Dai+2010,
  author =       {Dai, Y. and Zhao, D. and Yi, J. and },
  title =        {A Comparative Study of Urban Traffic Signal Control with Reinforcement Learning and Adaptive Dynamic Programming},
  booktitle =    {Proc. of International Joint Conference on Neuarl Networks},
  address =      {Barcelona},
  year =         {2010},
  pages =        {1--7},
}

@book{Damasio1994,
   author =    {Damasio, A. R.},
   title =     {Descartes's Error},
   publisher = {Avon},
   year =      {1994},
   address =   {New York}
}

%mariana ago 2011 (do antigo bioinfo.tex)
@Article{Dandekar+2000,
  author =       { Dandekar, T. et al},
  title =        {Re-annotating the {\emph{Mycoplasma pneumoniae}} genome sequence: adding value, function and reading frames.},
  journal =      {Nucleic Acids Research},
  year =         2000,
  volume =       28,
  pages =	 {3278--3288}
}

% Monireh - 07/2011
@InProceedings{Daneshfar+2009,
  author =       {Daneshfar, F. and Akhlaghian F. and Mansoori F.},
  title =        {Adaptive and Cooperative Multi-Agent Fuzzy System Architecture},
  booktitle =    {Proc. 14th International CSI Computer Conference},
  publisher =    {IEEE},
  year =         {2009},
  pages =        {30--34},
}

% ana jan. 07
@inproceedings{Dang&Jennings2004,
   author =    {Viet Dung Dang and       Nicholas R. Jennings},
   title =     {Generating Coalition Structures with Finite Bound from the Optimal Guarantees},
   booktitle = {3rd International Joint Conference on Autonomous Agents and Multiagent Systems (AAMAS 2004)},
   address =   {New York, NY},
   publisher = {IEEE Computer Society},
   year =      {2004},
   isbn =      {1-58113-864-4},
   pages =     {564--571}
}

@misc{Daniels2001,
   author = {Daniels, M.},
   title =  {The Swarm Simulation System - A Tool for Studying Complex Systems},
   year =   {2001},
   url =    {www.swarm.org}
}

% fabiana - 02/06/2008
@ARTICLE{Das&Lawless2005,
   AUTHOR =  {Subrata Das and David Lawless},
   TITLE =   {Truth maintenance system with probabilistic constraints for enhanced level two fusion},
   JOURNAL = {8th International Conference on Information Fusion},
   YEAR =    {2005},
   volume =  {2},
   pages =   {993--1000},
   month =   {July},
   address = {USA}
}

%Daniel 05/09
@ARTICLE{Davidsson+2005,
 AUTHOR =       {P. Davidsson and L. Henesey and L. Ramstedt and J. T{\"o}rnquist and F. Wernstedt},
 TITLE =        {An analysis of agent-based approaches to transport logistics},
 JOURNAL =      {Transportation Research C},
 YEAR =         {2005},
 volume =       {13},
 pages =        {255-271},
}

@inproceedings{Davies+1995, 
  author = 	 {W. Davies and P. Edwards}, 
  title = 	 {Distributed Learning: An Agent-Based Approach to Data Mining}, 
  journal = 	 {Proceedings of Machine Learning Workshop on Agents That Learn}, 
  year = 	 {1995}, 
  pages = 	 {} 
} 

%paulo ferreira feb 2006
@InProceedings{Davin&Modi2005,
   author =    {John Davin and Pragnesh Jay Modi},
   title =     {Impact of Problem Centralization in Distributed Constraint Optimization Algorithms},
   booktitle = {Proceedings of the Fourth International Joint Conference on Autonomous Agents and MultiAgent Systems},
   pages =     {1057--1066},
   year =      {2005},
   location =  {The Netherlands},
   publisher = {ACM Press},
   address =   {New York, NY, USA}
}

@article{Davis&Smith1983,
   author =  {Davis, R. and Smith, R. G.},
   title =   {Negotiation as a Metaphor for Distributed Problem Solving},
   journal = {Artificial Intelligence},
   year =    {1983},
   volume =  {20},
   pages =   {63--109}
}

%Paulo Becker, 30/08/05
@article{Davis1984,
   author =    {Davis, R.},
   title =     {Diagnostic reasoning based on structure and behavior},
   journal =   {Artificial Intelligence},
   volume =    {24},
   number =    {1--3},
   year =      {1984},
   issn =      {0004-3702},
   pages =     {347--410},
   month =     {December},
   publisher = {Elsevier Science Publishers Ltd.},
   address =   {Amsterdam}
}

@book{Dawkins1976,
   author =    {Dawkins, R.},
   title =     {The Selfish Gene},
   publisher = {Oxford University Press},
   year =      {1976},
   address =   {New York},
   note =      {224 pp.}
}

%ana out 2008
@inproceedings{deJong+2008,
  author    = {Steven de Jong and Karl Tuyls and  Katja Verbeeck},
  title     = {Artificial agents learning human fairness},
  booktitle = {Proc. of the 7th International Joint Conference on Autonomous Agents and Multiagent Systems {(AAMAS 2008)}},
  year      = {2008},
  editor = aamas08eds,
  pages     = {863-870},
  ee        = {http://doi.acm.org/10.1145/1402298.1402344}
}

% ana maio 10
@inproceedings{deJong&Tuyls2009,
  author    = {Steven de Jong and Karl Tuyls},
  title     = {Learning to cooperate in a continuous tragedy of the commons},
  booktitle = {Proc. of the Int. Conf. on Autonomous Agents and Multiagent Systems (AAMAS)},
  year      = {2009},
  pages     = {1185--1186},
  ee        = {http://doi.acm.org/10.1145/1558109.1558204}
}

%ana abril 2005
@inCollection{Dean+2000,
   author =    {Jeffrey S. Dean and George J. Gumerman and Joshua M. Epstein and Robert L. Axtell and Alan C. Swedlund and Miles T. Parker and Steven McCarroll},
   title =     {Understanding {A}nasazi Culture Change through Agent-based Modeling},
   booktitle =      {Dynamics in Human and Primate Societies: Agent-based Modeling of Social and Spatial Processes},
   year =      {2000},
   isbn =      {0-19-513168-1},
   pages =     {179--205},
   publisher = {Oxford University Press},
   address =   {Oxford, UK, UK},
}

@article{Decker1987,
   author =  {Decker, K.},
   title =   {Distributed Problem Solving Techniques: A Survey},
   journal = {IEEE Trans. on Systems, Man and Cybernetics},
   year =    {1987},
   volume =  {27},
   number =  {5},
   pages =   {729--740}
}

@article{Decker&Lesser1992,
   author =  {Decker, K. S. and Lesser, V. R.},
   title =   {Generalizing the Partial Global Planning Algorithm},
   journal = {International Journal on Intelligent Cooperative Information Systems},
   volume =  {1},
   number =  {2},
   pages =   {319--346},
   month =   {June},
   year =    {1992},
   url =     {http://mas.cs.umass.edu/paper/34}
}

%% Denise(06/2005)
@inproceedings{Decker&Lesser1993ncai,
   author =    {Decker, K. S. and Lesser, V. R.},
   title =     {Quantitative Modeling of Complex Computational Task Environments},
   booktitle = {Proceedings of the 11th National Conference on Artificial Intelligence},
   year =      {1993},
   publisher = {[S.l.], AAAI Press},
   address =   {Washington}
}

%paulo ferreira out 2005
@inproceedings{Decker&Lesser1993,
   author =    {Decker, K. S. and Lesser, V. R.},
   title =     {Quantitative Modeling of Complex Computational Task Environments},
   booktitle = {Proceedings of the 12th International Workshop on Distributed Artificial Intelligence},
   year =      {1993},
   pages =     {67--82},
   address =   {Hidden Valley, Pennsylvania}
}

@phdthesis{Decker1995,
   author = {Decker, K. S.},
   title =  {Environmental Centered Analysis and Design of Coordination Mechanisms},
   school = {University of Massachusetts},
   year =   {1995}
}

%% Denise (05/2005)
@inproceedings{Decker&Lesser1995,
   author =    {Decker, K. S. and Lesser, V. R.},
   title =     {Designing a Family of Coordination Algorithms},
   booktitle = {Proceedings of the 1st International Conference on Multi-Agent Systems},
   year =      {1995},
   publisher = {[S.l.], AAAI Press},
   address =   {San Francisco, CA}
}

@incollection{Decker1996,
   author =    {Decker, K. S.},
   title =     {{T\AE MS}: A Framework for Analysis and Design of Coordination Mechanisms},
   booktitle = {Foundations of Distributed Artificial Intelligence},
   publisher = {Wiley Inter--Science},
   year =      {1996},
   editor =    {O'Hare, G. and Jennings, N.},
   chapter =   {16}
}

@article{Decker&Sycara1997,
   author =  {Decker, K. and Sycara, K.},
   title =   {Intelligent Adaptive Information Agents},
   journal = {Journal of Intelligent Information Systems},
   year =    {1997},
   volume =  {9},
   number =  {3},
   pages =   {239--260}
}

@inproceedings{Decker+1997a,
   author =    {Decker, K. and Sycara, K. and Williamson, M.},
   title =     {Middle-agents for the Internet},
   booktitle = {The Fifteenth Int. Joint Conf. on Art. Intelligence},
   year =      {1997},
   pages =     {578--83}
}

@inproceedings{Decker+1997b,
   author =    {Decker, K. S. and Sycara, K. and Zeng, D.},
   title =     {Designing a Multi-agent Portfolio Management System},
   booktitle = {AAAI Workshop on Internet Information Systems},
   year =      {1997}
}

@inproceedings{Decker&Li1998,
   author =    {Decker, K. S. and Li, J.},
   title =     {Coordinated Hospital Patient Scheduling},
   booktitle = {The Third International Conference on Multi-Agent Systems (ICMAS 98)},
   year =      {1998},
   pages =     {104--111},
   publisher = {IEEE Press}
}

@InProceedings{Decker+2001, 
  author = 	 {K. Decker and X. Zheng and C. Schmidt}, 
  title = 	 { A Multi-Agent System for Automated Genomic Annotation}, 
  booktitle = 	 {Proc. of the Int. Conf. Autonomous Agents}, 
  year = 	 {2001}, 
  address = 	 {Montreal}, 
  publisher = {ACM Press} 
} 

%denise 11/09
@MANUAL{DENATRAN1979,
  title = {Serviços de Engenharia: manual de semáforos.},
  author = {DENATRAN},
  organization = {Concelho Nacional de Tr\^ansito - Ministério da Justiça},
  address = {Brasília},
  pages= {169},
  year = {1979}
}


%denise 10/09
@INPROCEEDINGS{Denzinger&Fuchs1996,
  author = {Jörg Denzinger and Matthias Fuchs},
  title = {Experiments in Learning Prototypical Situations for Variants 
of the Pursuit Game},
  booktitle = {In Proceedings of the second International Conference on Multi-Agent Systems (ICMAS)},
  year = {1996},
  editor = {Mario Tokoro},
  pages = {48--55},
  month = {December},
  organization = {AAAI},
  publisher = {Menlo Park: AAAI Press}
}


@TechReport{deKleer1976,
   author =      {Johann de Kleer},
   title =       {Local Methods for Localizing Faults in Eletronic Circuits},
   institution = {MIT Art. Int. Lab.},
   year =        {1976},
   type =        {Memo},
   number =      {394},
   month =       {November}
}

% Fabiana - 30/marco
@article{deKleer1986,
   author =  {J. de Kleer},
   title =   {An Assumption-based tms, Extending the ATMS, and Problem Solving with the ATMS},
   journal = {Artificial Intelligence},
   year =    {1986},
   volume =  {28},
   number =  {2},
   pages =   {127--224}
}

%Paulo Becker, 31/08/05 (ana: retirei da letra K)
@article{deKleer&Williams1987,
   author =    {de Kleer, Johann and Williams, Brian C.},
   title =     {Diagnosing Multiple Faults},
   journal =   {Artificial Intelligence},
   volume =    {32},
   number =    {1},
   year =      {1987},
   pages =     {97--130},
   month =     {April},
   publisher = {Elsevier Science Publishers Ltd.},
   address =   {Amsterdam},
}

@inproceedings{deKleer1989,
   author    = {Johan de Kleer},
   title     = {A Comparison of ATMS and CSP Techniques},
   booktitle = {IJCAI},
   year      = {1989},
   pages     = {290--296},
   bibsource = {DBLP, http://dblp.uni-trier.de}
}

@article{deKleer+1992,
   author  = {Johan de Kleer and Alan K. Mackworth and Raymond Reiter},
   title   = {Characterizing Diagnoses and Systems},
   journal = {Artificial Intelligence},
   volume  = {56},
   number  = {2--3},
   year    = {1992},
   pages   = {197--222}
}

% Daniela 06/2008
@InProceedings{Deneubourg+1991,
   author =     {Deneubourg, J. L. and Goss, S. and Franks, N. and Sendova-Franks, A. and Detrain, C. and Chr\'{e}tien, L.},
   title =      {The Dynamics of Collective Sorting: Robot-Like Ant and Ant-Like Robot},
   booktitle =  {Proceedings of the First Conference on Simulation of Adaptive Behavior: From Animals to Animats},
   year =       {1991},
   address =    {Canbridge, MA, USA},
   publisher =  {MIT Press},
   pages =      {356--363}
}


@incollection{dePalma1998,
   author =    {de Palma, A.},
   title =     {Individual and Collective Decision Making: Applications to Travel Choice},
   booktitle = {Theoretical Foundations of Travel Choice Modeling},
   publisher = {Elsevier},
   year =      {1998},
   editor =    {Ling, G.},
   pages =     {33--50},
   address =   {Oxford}
}

% Vinicius 12/2009
@article{Derrida&Pomeau1986,
    author = {Derrida, B. and Pomeau, Y.},
    doi = {10.1209/0295-5075/1/2/001},
    journal = {Europhysics Letters},
    number = {2},
    pages = {45--49},
    title = {Random Networks of Automata: A Simple Annealed Approximation},
    volume = {1},
    year = {1986}
}

% Cassia- mariana ago 2011 (do antigo bioinfo.tex)
@INPROCEEDINGS{desJardins+1997,
   author  = {des Jardins, M. and Karp, P.D. and Krummenacker, M. and Lee, T.J. and Ouzounis, C.A.},
   title   = {Prediction of enzyme classification from protein sequence without the use of sequence similarity},
   year    = {1997},
   booktitle   = {Proceedings of the International Conference on Intelligent Systems Molecular Biology},
   pages = {92--99}
}

%Daniel 03-09
@InCollection{Desjardins+2009,
author = {Charles Desjardins and Julien Laum\^onier and Brahim {Chaib-draa}},
editor = {Bazzan, A. L. C. and Kl\"ugl, F. },
 booktitle = {Multi-Agent Systems for Traffic and Transportation},
title = {Learning Agents for Collaborative Driving},
publisher = {IGI Global},
year = {2009},
address = {Hershey, PA},
pages = {240--260},
isbn = masttbkISBN
}

%% Bruno - 25/09/06
@article{deVries&Principe1992,
   author =  {{de Vries}, B. and J.C. Principe},
   title =   {The {G}amma Model - a New Neural Network for Temporal Processing},
   journal = {Neural Networks},
   volume =  {5},
   number =  {4},
   pages =   {565--576},
   year =    {1992}
}

%Daniel 16/06/08
@ARTICLE{Dia&Panwai2007,
  AUTHOR =       {Dia, H. and Panwai, S.},
  TITLE =        {Modelling drivers' compliance and route choice behaviour in response to travel information},
  JOURNAL =      {Special issue on Modelling and Control of Intelligent Transportation Systems, Journal of Nonlinear Dynamics},
  YEAR =         {2007},
  volume =       {49},
  number =       {4},
  pages =        {493--509},
}

@inproceedings{Dia&Purchase1998,
   author =    {Dia, H. and Purchase, H.},
   title =     {Modelling the Impact of Advanced Traveller Information Systems Using Intelligent Agents},
   booktitle = {20th Conference of Australian Institutes of Transport Research (CATR'98)},
   year =      {1998},
   address =   {Inst. of Transport Studies, The University of Sydney},
   month =     {December}
}

@article{Dia&Purchase1999,
   author =  {Dia, H. and Purchase, H.},
   title =   {Modelling the Impacts of Advanced Traveller Information Systems using Intelligent Agents},
   journal = {Road and Transport Research},
   year =    {1999},
   volume =  {8},
   pages =   {68--73}
}

@ARTICLE{Dia2002,
  AUTHOR =       {H. Dia},
  TITLE =        {An agent-based approach to modeling driver route choice behaviour under the influence of real-time information},
  JOURNAL =      {Transportation Research C},
  YEAR =         {2002},
  volume =       {10},
  number =       {5-6},
  pages =        {331-349},
  }

% Denise (05/2005)
@article{Diakaki+2002,
   author =  {Diakaki, C. and Papageorgiou, M. and Aboudolas, K.},
   title =   {A Multivariable Regulator Approach to Traffic-Responsive Network-Wide Signal Control },
   journal = {Control Engineering Practice},
   year =    {2002},
   volume =  {10},
   number =  {2},
   pages =   {183--195},
   month =   {February}
}

% ana (denise entry) em 09/2006
@inProceedings{Diakaki+2003,
   title =     {Extensions and New Applications of the Traffic Signal Control Strategy {TUC}},
   author =    {Diakaki, C. and Dinopoulou, V. and Aboudolas, K. and Papageorgiou, M. and Ben-Shabat, E. and Seider, E. and Leibov, A.},
   booktitle = {Proc. of the 82nd Annual Meeting of the Transportation Research Board},
   local =     {Washington, D.C.},
   month =     {January},
   pages =     {12--16},
   year =      {2003}
}

%paulo ferreira july 2008 
@article{Dicaro&Dorigo1998,
  author = {Di Caro, Gianni and Marco Dorigo},
  title = {Ant{N}et: Distributed Stigmergetic Control for Communications Networks},
  year = {1998},
  journal = {Journal of Artificial Intelligence Research},
  volume = {9},
  pages = {317--365}
}

@inproceedings{Dietterich1989,
 author = {T. Dietterich},
 title = {Limitations on inductive learning},
 booktitle = {Proceedings of the Sixth International Workshop on Machine Learning},
 year = {1989},
 pages = {124-128}
}

%% Bruno - 25/09/06
@inproceedings{Dietterich2000,
   author =    {T. Dietterich},
   title =     {State Abstraction in {MAXQ} Hierarchical Reinforcement Learning},
   booktitle = {Advances in Neural Information Processing Systems 12},
   pages =     {994--1000},
   year =      {2000}
}

% ana mai 11
@article{Dijkstra1959,
author = {E. W. Dijkstra},
title = {A note on two problems in connection with graphs},
year = {1959},
journal = {Numerische Mathematik},
volume = 1,
pages = {269--271}
}

% TOYAMA
@inproceedings{Dijkstra+2001,
   author =    {Dijkstra, J. and Jessurun, J. and Timmermans, H.},
   title =     {A Multi-Agent Cellular Automata Model of Pedestrian Movement},
   booktitle = {Pedestrian and Evacuation Dynamics},
   year =      {2002},
   isbn =      {3-540-42690-6},
   pages =     {173-179},
   location =  {K\"oln, Germany},
   publisher = {Springer-Verlag New York, Inc.}
}

%daniel 05-09
@INPROCEEDINGS{Dijkstra+2006,
 AUTHOR =       {J. Dijkstra and J. Jessurun and B. de Vries and H. Timmermans},
 TITLE =        {Agent Architecture for Simulating Pedestrians in the Built Environment},
 BOOKTITLE =    {Proceedings of the 4th Workshop on Agents in Traffic and Transportation, AAMAS 2006, May, 9th, Hakodate, JP},
 YEAR =         {2006},
 editor =       {A. L. C. Bazzan and B. Chaib-Draa and F. Kl{\"u}gl and S. Ossowski},
 pages =        {8-16},
}

@inproceedings{Dilger&Kassel1993,
   author =    {Dilger, W. and Kassel, S.},
   title =     {Sich selbst organizierende Produktionsprozesse als M\"{o}glichkeit zur flexiblen Fertigungssteuerung},
   booktitle = {Verteilte K?nstliche Intelligenz},
   year =      {1993},
   editor =    {M\"uller, J.},
   publisher = {Wissenschaftsverlag},
   address =   {Mannheim}
}

%Denise
@ARTICLE{Dinopoulou+2006,
   author = 	{Vaya Dinopoulou and Christina Diakaki and Markos Papageorgiou},
   title = 	{Applications of the Urban Traffic Control Strategy Tuc},
   journal = 	{European Journal of Operational Research},
   year = 	{2006},
   volume = 	{175},
   pages = 	{1652--1665},
   number = 	{3},
   month = 	{December},
   publisher = 	{Elsevier}
}


@inproceedings{DInverno&Luck1996,
   author =    {D'Inverno, M. and Luck, M.},
   title =     {Understanding Autonomous Interaction},
   booktitle = {12th European Conf. on Art. Intelligence},
   year =      {1996},
   editor =    {Wahlster, W.}
}

@inproceedings{DiTaranto1989,
   author =    {Di Taranto, M.},
   title =     {{UTOPIA}},
   booktitle = {Proc. of the IFAC-IFIP-IFORS Conference on Control, Computers, Communication in Transportation},
   year =      {1989},
   publisher = ifac,
   address =   {Paris}
}

%mariana junho/2011
@article{Djuranovic+2011,
  author = {Sergej Djuranovic nad Ali Nahvi and Rachel Green},
  title = {A Parsimonious Model for Gene Regulation by {miRNAs}},
  journal = {Science},
  volume = {331},
  pages = {550--553},
  publisher = {American Association for the Advancement of Science},
  year = {2011},
}


%ana set. 05
@article{Do&Kobayashi2000,
   author =  {M. Do and K. Kobayashi},
   title =   {Route Navigation by State-contigent Road Pricing},
   journal = {KSCE Journal of Civil Engineering},
   year =    {2000},
   volume =  {4},
   number =  {3},
   pages =   {119--128}
}

% fabiana - 02/06/2008
@inproceedings{Dogac+1998,
 author = {Asuman Dogac and Ilker Durusoy and Sena Nural Arpinar and Esin Gokkoca and Nesime Tatbul and 
Pinar Koksal},
 title = {METU-Emar: An Agent-Based Electronic Marketplace on the Web},
 booktitle = {ECDL '98: Proceedings of the Second European Conference on Research and Advanced Technology 
for Digital Libraries},
 year = {1998},
 isbn = {3-540-65101-2},
 pages = {777--790},
 publisher = {Springer-Verlag},
 address = {London, UK}
}

% ana jan 11
@inproceedings{Domingos&Hulten2000,
 author = {Domingos, Pedro and Hulten, Geoff},
 title = {Mining high-speed data streams},
 booktitle = {Proceedings of the sixth ACM SIGKDD international conference on knowledge discovery and data mining},
 series = {KDD '00},
 year = {2000},
 isbn = {1-58113-233-6},
 location = {Boston, Massachusetts, United States},
 pages = {71--80},
 optnumpages = {10},
 optdoi = {http://doi.acm.org/10.1145/347090.347107},
 publisher = {ACM},
 address = {New York, NY, USA},
 optkeywords = {Hoeffding bounds, decision trees, disk-based algorithms, incremental learning, subsampling}
}

%daniel 05/09
@INPROCEEDINGS{Doniec+2006,
 AUTHOR =       {A. Doniec and S. Espi\'e and R. Mandiau and S. Piechowiak},
 TITLE =        {Non-Normative Behavior in Multi-Agent Systems: Some Experiments in traffic simulation},
 BOOKTITLE =    {Proc. of the IEEE/WIC/ACM Internation Conference on Intelligent Agents Technology IAT 2006},
 YEAR =         {2006},
 publisher =    {IEEE},
}

%daniel 05/09
@ARTICLE{Doniec+2008,
 AUTHOR =       {A. Doniec and R. Mandiau and S. Piechowiak and S. Espi\'e},
 TITLE =        {A Behavioral Multi-Agent Model for Road Traffic Simulation},
 JOURNAL =      {Engineering Applications of Artificial Intelligence},
 YEAR =         {2008},
 volume =       {21},
 number =       {8},
 pages =        {1443-1454},
}

%paulo ferreira nov 2005
@phdthesis{Dorigo1992,
   author = {Marco Dorigo},
   title =  {Optimization, Learning and Natural Algorithms},
   school = {Politecnico di Milano},
   year =   {1992}
}

%Daniela 06/2008
@article{Dorigo+1996,
   author =  {Dorigo, M. and Maniezzo, V. and Colorni, A.},
   title =   {Ant System: Optimization by a Colony of Cooperating Agents},
   journal = {IEEE Transactions on Systems, Man and Cybernetics Part B: Cybernetics},
   year =    {1996},
   volume =  {26},
   number =  {1},
   pages =   {29--41}
}

%denise 10/2006
@incollection{Dorigo&DiCaro1999,
   author =    {Marco Dorigo and Gianni {Di Caro}},
   title =     {The Ant Colony Optimization Meta-Heuristic},
   booktitle = {New Ideas in Optimization},
   publisher = {McGraw-Hill},
   year =      {1999},
   editor =    {David Corne and Marco Dorigo and Fred Glover},
   pages =     {11--32},
   address =   {London}
}

@inproceedings{Dorigo+1999,
   author  =   {Dorigo, M. and Di Caro, G. and Gambardella, L.},
   title =     {Ant Colony Optimization: {A} New Meta-Heuristic},
   year =      {1999},
   month =     {6--9},
   volume =    {2},
   pages =     {1470--1477},
   address =   {Mayflower Hotel, Washington D.C., USA},
   booktitle = {Proceedings of the Congress on Evolutionary Computation},
   url =       {citeseer.nj.nec.com/article/dorigo99ant.html},
   publisher = {IEEE Press},
   isbn =      {0-7803-5537-7 (Microfiche)},
   editor =    {Angeline, Peter J. and Michalewicz, Zbyszek and Schoenauer, Marc and Yao, Xin and Zalzala, Ali}
}

%paulo ferreira july 2008
@article{Dorigo+1999al,
   author = {Dorigo,Marco and Caro,Gianni Di and Gambardella,Luca M.},
   title = {Ant Algorithms for Discrete Optimization},
   journal = {Artificial Life},
   volume = {5},
   number = {2},
   pages = {137-172},
   year = {1999}
}

@article{Dorigo&Gambardella1997,
   author =    {Dorigo, Marco and Gambardella, Luca Maria},
   title =     {Ant Colony System: A Cooperative Learning Approach to the Traveling Salesman Problem},
   year =      {1997},
   journal =   {IEEE Transactions on Evolutionary Computation},
   month =     {April},
   volume =    {1},
   pages =     {53--66},
   publisher = {IEEE Computational Intelligence Society},
   number =    {1}
}

% paulo ferreira -  jun 2007
@incollection{Dorigo&Stuetzle2003,
        author = {M. Dorigo and T. St{\"u}tzle},
	title = {The Ant Colony Optimization Metaheuristic: Algorithms, Applications, and Advances},
        booktitle = {Handbook of Metaheuristics},
        editor = {F. Glover and G. Kochenberger},
	publisher = {Kluwer Academic Publishers},
	year = {2003},
	pages = {251--285}
}


%denise 10.06
@book{Dorigo&Stuetzle2004,
   title =     {Ant Colony Optimization},
   author =    {Dorigo, M. and St\"utzle, T.},
   year =      {2004},
   publisher = {Bradford Book, MIT Press},
   address =   {Cambrigde, Massachussets}
}

%% Bruno - 25/09/06 - corrigido 27/04/2007
@article{Doya2002,
   author =    {Kenji Doya},
   title =     {Metalearning and Neuromodulation},
   journal =   {Neural Networks},
   volume =    {15},
   number =    {4},
   year =      {2002},
   pages =     {495--506},
   publisher = {Elsevier Science},
   address =   {Oxford, UK}
}

%% Bruno - 25/09/06 - corrigido 27/04/2007
@article{Doya+2002,
   author =    {Kenji Doya and Kazuyuki Samejima and K. Katagiri and Mitsuo Kawato},
   title =     {Multiple Model-Based Reinforcement Learning},
   journal =   {Neural Computation},
   volume =    {14},
   number =    {6},
   year =      {2002},
   pages =     {1347--1369},
   publisher = {MIT Press},
   address =   {Cambridge, MA, USA}
}

% Fabiana - 30/marco
@article{Doyle1979,
   author =  {J. Doyle},
   title =   {A Truth Maintenance System},
   journal = {Artificial Intelligence},
   year =    {1979},
   volume =  {12},
   number =  {3},
   pages =   {231--272}
}

@article{Downing&Zvirinsky1999,
   author =  {Downing, Keith and Zvirinsky, Peter},
   title =   {The Simulated Evolution of Biochemical Guilds: Reconciling Gaia Theory and Natural Selection},
   journal = {Artificial Life},
   year =    {1999},
   volume =  {5},
   number =  {2},
   pages =   {291--318}
}

@article{Dragoni1997,
   author =  {Dragoni, Aldo Franco},
   title =   {Distributed Decision Support Systems under Limited Degrees of Competence: A Simulation Study},
   journal = {Decision Support Systems},
   year =    {1997},
   volume =  {20},
   number =  {1},
   pages =   {17--34},
   month =   {May}
}

%alterado Ana  23/4/07
@InProceedings{Dresner&Stone2004,
   author =    {Dresner, Kurt and Stone, Peter},
   title =     {Multiagent Traffic Management: A Reservation-Based Intersection Control Mechanism},
   booktitle = {Proc. of the International Joint Conference on Autonomous Agents and Multiagent Systems},
   month =     {July},
   year =      {2004},
   pages =     {530--537},
   editor =    {Jennings, N.R. and Sierra, C. and Sonenberg, L. and Tambe, M.},
   address =   {New York, {USA}},
   publisher = {New York, {IEEE} Computer Society}
}

%ana mar/07
@InProceedings{Dresner&Stone2005,
   author =    {Kurt Dresner and Peter Stone},
   title =     {Multiagent Traffic Management: An Improved Intersection Control Mechanism},
   booktitle = {Proc. of the Fourth International Joint Conference on Autonomous Agents and  Multiagent Systems},
   editor =    {Frank Dignum and Virginia Dignum and Sven Koenig and Sarit Kraus and Munindar P.~Singh and Michael Wooldridge},
   publisher = {ACM Press},
   pages     = {471-477},
   address =   {New York, NY},
   month =     {July},
   year =      {2005}
}

%ana mar/07
@incollection{Dresner&Stone2006lamas,
   author =    {Kurt Dresner and Peter Stone},
   title =     {Multiagent Traffic Management: Opportunities for Multiagent Learning},
   booktitle = {LAMAS 2005},
   editor =    {Karl Tuyls and Pieter {Jan't} Hoen and Katja Verbeeck and Sandip Sen},
   series =    {Lecture Notes in Artificial Intelligence},      
   number =    {3898},
   pages =     {129--138},
   publisher = {Springer Verlag},
   address =   {Berlin},
   year =      {2006}
}

%ana mar/07 , at. Denise 08/2008
@InProceedings{Dresner&Stone2007,
   author =    {Kurt Dresner and Peter Stone},
   title =     {Sharing the Road: Autonomous Vehicles meet Human Drivers},
   booktitle = {The 20th International Joint Conference on Artificial Intelligence},
   month =     {January},
   location =  {Hyderabad, India},
   year =      {2007},
   pages =     {1263--68}
}

%denise 09/2009
@article{Dresner&Stone2008,
	author=   {Kurt Dresner and Peter Stone},
	title=    {A Multiagent Approach to Autonomous Intersection Management},
	journal = {Journal of Artificial Intelligence Research},
	month =   {March},
	year =    {2008},
	volume =  {31},
	pages =   {591--656}
}

%Daniel 03-09
@InCollection{Dresner+2009,
author = {Kurt Dresner and Peter Stone and Mark VanMiddlesworth},
editor = {Bazzan, A. L. C. and Kl\"ugl, F. },
booktitle = {Multi-Agent Systems for Traffic and Transportation},
title = {An Unmanaged Intersection Protocol and Improved Intersection Safety for Autonomous Vehicles},
publisher = {IGI Global},
year = {2009},
pages = {193--217},
address = {Hershey, PA},
month = {April},
isbn = {978-1-60566-226-8}
}


%mariana ago 2011 (do antigo bioinfo.tex)
@article{ Dritz+1996, 
 AUTHOR = {Dritz, S. S. and Chengappa, M. M. and Nelssen, J. L. and Tokach, M. D. and Goodband, R. D. and Nietfeld, J. C. and Staats, J. J.}, 
 TITLE = {Growth and microbial flora of nonmedicated segregated, early weaned pigs from a commercial swine operation}, 
 JOURNAL = {J. Am. Vet. Med. Assoc.}, 
 VOLUME = {208}, 
 PAGES = {711--715}, 
 YEAR = {1996}, 
} 
 

% ana por fabiana ago 11
@inproceedings{Drumond+2007, 
 author = {Drumond, Lucas and Girardi, Rosario and Leite, Adriana},
 title = {Architectural design of a multi-agent recommender system for the legal domain},
 booktitle = {ICAIL '07: Proceedings of the 11th international conference on Artificial intelligence and law},
 year = {2007},
 isbn = {978-1-59593-680-6},
 pages = {183--187},
 location = {Stanford, California},
 publisher = {ACM},
 address = {New York, NY, USA},
 }

%mariana ago 2011 (do antigo bioinfo.tex)
@Misc{Durbin&Thierry-Mieg1991, 
  author = 	 {Durbin, Richard  and  Thierry--Mieg, Jean}, 
  title = 	 {{A \emph{C. elegans} database}}, 
  note = 	 {Documentation, code, and data available from anonymous FTP servers at lirmm.lirmm.fr, cele.mrc-lmb.cam.ac.uk and ncbi.nlm.nih.gov} 
} 

%mariana ago 2011 (do antigo bioinfo.tex)
@book{ Durbin1998,
 AUTHOR = {Durbin, R. et al},
 TITLE = {Biological Sequence Analysis: Probabilistic Models of Proteins and Nucleic Acids},
 optPUBLISHER = {Cambriedge University Press},
 EDITION = {1st},
 YEAR = 1998
}


% boffo 29/12/2006
@article{Durfee+1989,
   author =  {E.H. Durfee and V.R. Lesser and D.D. Corkill},
   title =   {Trends in Cooperative Distributed Problem Solving},
   journal = {IEEE Transactions on Knowledge and Data Engineering},
   year =    {1989},
   volume =  {1},
   pages =   {63--83},
   address = {Los Alamitos},
   number =  {1}
}

@inproceedings{Durfee&Montgomery1990,
   author =    {Durfee, E. H. and Montgomery, T. A.},
   title =     {A Hierarchical Protocol for Coordinating Multiagent Behaviors},
   booktitle = {Nat. Conf. on Art. Intelligence},
   year =      {1990},
   publisher = {AAAI Press}
}

% ana fev 10 (por Vinicius)
@InCollection{Durfee1999,
author = {Edmund H. Durfee},
title = {Distributed Problem Solving and Planning},
booktitle = {Multiagent Systems: A Modern Approach to Distributed Artificial Intelligence},
editor = {Gerhard Wei{\ss}},
publisher = {MIT Press},
address = {Cambridge, MA, USA},
pages = {121--164},
year = {1999}
}

% ana ago 10
@inproceedings{Dusparic&Cahill2009,
 author = {I. Dusparic and V. Cahill},
 title = {Multi-policy optimization in decentralized autonomic systems},
 booktitle = {Proceedings of the 8th International Conference on Autonomous Agents and Multiagent Systems},
 year = {2009},
 pages = {1203--1204},
 location = {Budapest, Hungary},
 publisher = {International Foundation for Autonomous Agents and Multiagent Systems},
 address = {Richland, SC}
 }

@article{Durlauf1999,
   author =  {Durlauf, S. N.},
   title =   {How can Statistical Mechanics Contribute to Social Science?},
   journal = {Proc. Natl. Acad. Sci. USA},
   year =    {1999},
   volume =  {96},
   pages =   {10582--10584},
   month =   {September}
}

@incollection{Dzeroski1996,
   author =    {Dzeroski, S.},
   title =     {Inductive Logic Programming and Knowledge Discovery in Databases},
   booktitle = {Advances in Knowledge Discovery and Data Mining},
   publisher = {AAAI/MIT Press},
   year =      {1996},
   editor =    {Fayyad, U.},
   chapter =   {5}
}

%denise 11/2008
@ARTICLE{Dzeroski+2001,
  author = {D\v{z}eroski, Sa\v{s}o and De Raedt, Luc and Driessens, Kurt},
  title = {Relational Reinforcement Learning},
  journal = {Machine Learning},
  year = {2001},
  volume = {43},
  pages = {7--52},
  number = {1},
  month = {April},
  doi = {10.1023/A:1007694015589},
  publisher = {Springer}
}

