@book{Edelman1992,
   author =    {Edelman, G.},
   title =     {Bright Air, Brilliant Fire: on the matter of the mind},
   publisher = {Basic Books},
   year =      {1992}
}

@book{Edelman&Tonomi2000,
   author =    {Edelman, G. and Tomoni, G.},
   title =     {Universe of Consciousness: how matter becomes imagination},
   publisher = {Basic Books},
   year =      {2000}
}

@article{Edmonds1999,
   author =  {Edmonds, B.},
   title =   {Gossip, Sexual Recombination and the el farol bar: Modelling the Emergence of Heterogeneity},
   journal = {Journal of Artificial Societies and Social Simulation 2(3)},
   year =    {1999},
   volume =  {2},
   number =  {3},
   note =    {Avaiable on http://www.soc.surrey.ac.uk/JASSS/2/3/2.html}
}

%mariana ago 2011 (do antigo bioinfo.tex)
@Article{Eddy1998, 
  author = 	 {S. R. Eddy}, 
  title = 	 {Profile hidden Markov models}, 
  journal = 	 {Bioinformatics}, 
  year = 	 {1998}, 
  volume =	 {14}, 
  pages =	 {755-763}, 
}

%mariana junho/2011
@book{Efron&Tibshirani1993,
  author = {B. Efron and R.J. Tibshirani},
  title = {An Introduction to the Bootstrap},
  year = {1993},
  publisher = {Chapman and Hall, London},
}

% ana out 11
@article{Eguiluz&Tessone2009,
    author = {Egu\'{\i}luz, V\'{\i}ctor M. and Tessone, Claudio J.},
    doi = {10.1142/S0219525909002179},
    journal = {Advances in Complex Systems},
    pages = {221--232},
    title = {{Critical behavior in an evolutionary ultimatum game with social structure}},
    volume = {12},
    year = {2009}
}

%Daniel 05/09
@INPROCEEDINGS{Ehlert&Rothkrantz2001,
 AUTHOR =       {P. A. M. Ehlert and L. J. M. Rothkrantz},
 TITLE =        {A reactive driving agent for microscopic traffic simulation},
 BOOKTITLE =    {Proc. of the 15th European Simulation Conference, Prag, 2001},
 YEAR =         {2001},
 editor =       {E. J. H. Kerckhoffs and M. Snorek},
 publisher =    {SCS Publishing House},
 pages =        {943-949}
} 

%mariana junho/2011
@article{Eisen+1998,
  author = {Michael B. Eisen and Paul T. Spellman and Patrick O. Brown and David  Botstein},
  title = {Cluster analysis and display of genome-wide expression patterns},
  journal = {Proc. Natl. Acad. Sci. USA},
  volume = {95},
  pages = {14863--14868},
  year = {1998},
  publisher = {National Academy of Sciences},
}

@article{Ekenberg+1997,
   author =  {Ekenberg, Love and Danielson, Mats and Boman, Magnus},
   title =   {Imposing Security Constraints on Agent-Based Decision Support},
   journal = {Decision Support Systems},
   year =    {1997},
   volume =  {20},
   number =  {1},
   pages =   {3--15},
   month =   {May}
}

@inproceedings{Elhadouaj+2000,
   author =    {Elhadouaj, Sameh and Drogoul, Alexis and Espi\'e, St\'ephane},
   title =     {How to Combine Reactivity and Anticipation: the Case of Conflicts Resolution in a Simulated Road Traffic},
   booktitle = {Proceedings of the Multiagent Based Simulation (MABS)},
   publisher = {Springer},
   year =      {2000},
   pages =     {82 - 96}
}

@inproceedings{Elliott1994,
   author =    {Elliott, C.},
   title =     {Multi-Media Communication with Emotion-driven Believable Agents},
   booktitle = {AAAI Spring Symposium on Believable Agents},
   year =      {1994},
   address =   {Stanford University in Palo Alto, California, March 21--23}
}

@article{Elmacioglu&Lee2005,
  author    = {Ergin Elmacioglu and
               Dongwon Lee},
  title     = {On six degrees of separation in {DBLP-DB} and more},
  journal   = {SIGMOD Record},
  volume    = {34},
  number    = {2},
  year      = {2005},
  pages     = {33--40}
}

%mariana maio 2012
@article{Enright+2003,
	Author = {Anton Enright and Bino John and Ulrike Gaul and Thomas Tuschl and Chris Sander and Debora Marks},
	Title = {Micro{RNA} targets in Drosophila},
	Journal = {Genome Biology},
	Volume = {5},
	Year = {2003},
	Number = {1},
	Pages = {R1}
}

@article{Ephrati&Rosenschein1996,
   author =  {Ephrati, E. and Rosenschein, J. S.},
   title =   {Deriving Consensus in Multiagent Systems},
   journal = {Artificial Intelligence},
   year =    {1996},
   volume =  {87},
   number =  {1--2},
   pages =   {21--74}
}

@BOOK{Epstein&Axtell1996,
   AUTHOR     = {Epstein, J. and Axtell, R.},
   TITLE      = {Growing Artificial Societies Social Science From The Bottom Up},
   PUBLISHER  = {MIT Press},
   YEAR       = {1996}
}

@book{Epstein2007,
    author = {Epstein, Joshua M.},
    howpublished = {Hardcover},
    isbn = {0691125473},
    keywords = {complexity, economics, order, sociology},
    month = {January},
    publisher = {Princeton University Press},
    title = {Generative Social Science: Studies in Agent-Based Computational Modeling (Princeton Studies in Complexity)},
    year = {2007}
}

% ana set 10
@article{Erdos&Renyi1959,
    author = {Erd\"{o}s, P. and R\'{e}nyi, A.},
    journal = {Publicationes Mathematicae},
    pages = {290--297},
    title = {On random graphs, {I}},
    opturl = {http://www.renyi.hu/\~{}p\_erdos/Erdos.html\#1959-11},
    volume = {6},
    year = {1959}
}

%Paulo Becker, 30/08/05
@article{Erman+1980,
   author =    {Erman, Lee D. and Hayes-Roth, Frederucj and Lesser, Victor R. and Reddy, D. Raj},
   title =     {The Hearsay-II Speech-Understanding System: Integrating Knowledge to Resolve Uncertainty},
   journal =   {ACM Computing Surveys},
   volume =    {12},
   number =    {2},
   year =      {1980},
   pages =     {213--253},
   publisher = {ACM Press},
   address =   {New York, NY, USA}
}

%denise 02/2008
@InProceedings{Ertoz+2002,
   author =    {Ert\"oz, L. and Steinbach, M. and Kumar, V.},
   title =     {A New Shared Nearest Neighbor Clustering Algorithm and its Applications},
   booktitle = {Proceedings of the International Conference on Data Mining (2nd SIAM)},
   volume =    {4},
   month =     {December},
   year =      {2002},
   address =   {VA},
   publisher = {IEEE Press},
   pages =     {2642--2647}
}

%ana jan 2009
@article{Eshel+1998,
   author = {Eshel, Ilan   and Samuelson, Larry   and Shaked, Avner},
   journal = {American Economic Review},
   month = {March},
   number = {1},
   pages = {157--79},
   title = {Altruists, Egoists, and Hooligans in a Local Interaction
Model},
   volume = {88},
   year = {1998}
}

@article{Esser&Schreckenberg1997,
   author =  {Esser, J. and Schreckenberg, M.},
   title =   {Microscopic Simulation of Urban Traffic Based on Cellular Automata},
   journal = {International Journal of Modern Physics C},
   year =    {1997},
   volume =  {8},
   number =  {5},
   pages =   {1025}
}

@inproceedings{Esser+1999,
   author =    {Esser, J. and Neubert, L. and Wahle, J. and Schreckenberg, M.},
   title =     {Microscopic Online Simulation of Urban Traffic},
   booktitle = {Proc. of the 14th ITS},
   year =      {1999},
   editor =    {A. Ceder},
   pages =     {535--554},
   publisher = {Pergamon}
}
 
%mariana ago 2011 (do antigo bioinfo.tex)
@Article{Etzold+1996, 
  author = 	 {T. Etzold and A. Ulyanov and P. Argos}, 
  title = 	 {{SRS}: information retrieval system for molecular biology data banks}, 
  journal = 	 {Methods Enzymol.}, 
  year = 	 {1996}, 
  volume =	 {266}, 
  pages =	 {114--128}, 
} 

%mariana marco 2012
@article{EurophysicsNews2005,
	title       = {Nonextensive statistical mechanics: new trends, new perspectives},
	author      = {Special Issue},
	journal     = {Europhysics News},
	volume      = {36},
	number      = {6},
	pages       = {185--231},
	year        = {2005},
	url         = {http://www.europhysicsnews.org/},
	publisher   = {EPS}
}

%Daniela 06/2008
@InProceedings{Faceli+2006,
   author = {Faceli, K. and Carvalho, A. C. P. L. F. and Souto, M. C. P.},
   title = {Multi-objective Clustering Ensemble},
   booktitle = {Proceedings of the Sixth International Conference on Hybrid Intelligent Systems (HIS 06)},
   year = {2006},
   address = {Washington, DC, USA},
   publisher = {IEEE Computer Society},
   pages = {51}
}

% BAZZAN 10/08/2005
@inproceedings{Faltings&Nguyen2005,
   author =    {Boi Faltings and Quang-Huy Nguyen},
   title =     {Multi-Agent Coordination using Local Search},
   booktitle = {Proceedings of the 19th International Joint Conference on Artificial Intelligence (IJCAI)},
   year =      {2005},
   location =  {Edinburgh, Scotland}
 }

% Fernando 15/08/2007
@article{Faltings&Yokoo2005,
   author =  {Boi Faltings and Makoto Yokoo},
   title =   {Introduction: Special Issue on Distributed Constraint Satisfaction},
   journal = {Artificial Intelligence},
   year =    {2005},
   volume =  {161},
   pages =   {1-5}
}

%mariana ago 2011 (do antigo bioinfo.tex)
@Article{Falquet+2002, 
  author = 	 {Falquet, L. and  Pagni, M. and  Bucher, P. and  Hulo, N. and  Sigrist, C.J and  Hofmann, K. and  Bairoch, A.}, 
  title = 	 {The {PROSITE} database, its status in 2002}, 
  journal = 	 {Nucleic Acids Res.}, 
  year = 	 {2002}, 
  volume =	 {30}, 
  pages =	 {235--238}, 
  note =	 {PubMed: 11752303}, 
} 

@inproceedings{Farges+1990,
   author =       {Farges, J. L. and Khoudour, L. and Lesort, J. B.},
   title =        {{PRODYN}: On-site Evaluation},
   booktitle =    {Proc. Of the 3rd {IEE} conference on Road Traffic Control},
   year =         {1990},
   organization = {IEE},
   address =      {London, UK},
   note =         {{IEE} Conference Publication},
   volume =       {320}
}

%Fernando 29/10/2007
@article{Farinelli+2006,
   author =   {Alessandro Farinelli and Luca Iocchi and Daniele Nardi and Vittorio Amos Ziparo},
   title =    {Assignment of dynamically perceived tasks by token passing in multirobot systems},
   journal=   {Proceedings of the IEEE},
   volume =   {94},
   number =   {7},
   pages =    {1271--1288},
   year =     {2006},
   month =    {July}
} 

% Anderson Rocha 05/12/2011
@article{Farkas&Kopylova2007,
  title={Application Level Protocol for Accident Reconstruction in VANETs},
  author={Farkas, C. and Kopylova, Y.},
  journal={Master's Proposal},
  year={2007}
}

% Fabiana - 17/11/05
@inproceedings{Fatima+2002,
   author =    {Fatima, S. and Wooldridge, M. and Jennings, N.},
   title =     {Multi-issue Negotiation under Time Constraints},
   booktitle = {Proceedings 1st International Joint Conference on Autonomous Agents and Multi-Agent Systems},
   year =      {2002},
   address =   {Bologna, Italy},
   pages =     {143--150}
}

@ARTICLE{Fatima+2004,
   AUTHOR =  {Fatima, S. and Wooldridge, M. and Jennings, N.},
   TITLE =   {An Agenda-based Framework for Multi-issue Negotiation},
   JOURNAL = {Artificial Intelligence},
   volume =  {152},
   number =  {1},
   pages =   {1--45},
   YEAR =    {2004}
}

% Fabiana - 17/11/05
@inproceedings{Fatima+2005,
   author =    {Fatima, S. and Wooldridge, M. and Jennings, N.},
   title =     {Sequential Auctions for Objects with Common and Private Values},
   booktitle = {Proceedings 4th Internationl Joint Conference on Autonomous Agents and Multi-Agent Systems},
   year =      {2005},
   address =   {Utrecht, Netherlands},
   pages =     {635--642}
}

@book{Ferber1999,
   author =    {Ferber, Jacques},
   title =     {Multi-Agent Systems: an Introduction to Distributed Artificial Intelligence},
   publisher = {Addison-Wesley},
   year =      {1999},
   pages =     {508},
   address =   {London}
}

%Daniel 05/09
@INPROCEEDINGS{Ferreira+2008att,
 AUTHOR =       {P. Ferreira and E. Estevez and R. Rossetti and E. Oliveira},
 TITLE =        {Extending microscopic traffic modelling with the concept of situated agents},
 BOOKTITLE =    {Proceedings of the 5th Workshop on Agents in Traffic and Transportation, at AAMAS 2008, May, 13th, Estoril, Portugal},
 YEAR =         {2008},
 editor =       {A. L. C. Bazzan and F. Kl{\"u}gl and S. Ossowski},
 pages =        {86--93}
}

%Daniel 05/09
@INCOLLECTION{Ferreira+2009igi,
 AUTHOR =       {P. Ferreira and E. Esteves and R. Rossetti and E. de Oliveira},
 TITLE =        {Applying Situated Agents to Microscopic Traffic Modelling},
 BOOKTITLE =    {Multi-Agent Systems for Traffic and Transportation Engineering},
 PUBLISHER =    {IGI Global},
 address =      {Hershey, US},
 YEAR =         {2009},
 editor =       {A. L. Bazzan and F. Kl{\"u}gl},
 pages = {108-123},
 isbn = {978-1-60566-226-8}
}

% Fabiana - 13/dez/05
@article{Fershtman2000,
   author =  {Fershtman, C.},
   title =   {A Note on Multi-issue Two-sided Bargaining: Bilateral Procedures},
   journal = {Games and Economic Behavior},
   year =    {2000},
   volume =  {30},
   pages =   {216--227}
}

% ana fev. 10 (por Vinicius)
@inproceedings{Fikes&Nilsson1971,
 author    = {Richard Fikes and Nils J. Nilsson},
 title     = {{STRIPS}: A New Approach to the Application of Theorem Proving to Problem Solving},
 booktitle = {Proc. of the IJCAI},
 year      = {1971},
 pages     = {608--620}
}

%Daniela 06/2007
@incollection{Filho+1993,
   author = {Filho, J. L. R. and Treleaven, P. C. and Alippi, C},
   title = {Genetic algorithm programming environments},
   booktitle = {Parallel Genetic Algorithms: Theory and Applications},
   year = {1993},
   publisher = {IOS Press},
   address = {Amsterdam},
   editor = {J. Stender},
   pages = {65--83}
}

@inproceedings{Finbarr&Bridge2004,
   author =    {Finbarr, T. and Bridge, D.},
   title =     {When Ants Attack: Comparing Ant Algorithms for Constraint Problems},
   booktitle = {Fifteenth Irish Conference on Artificial Intelligence and Cognitive Science},
   pages =     {167--176},
   year =      {2004}
}

@article{Findler&Stapp1992,
   author =  {Findler, N. V. and Stapp, J.},
   title =   {Distributed Approach to Optimized Control of Street Traffic Signals},
   journal = {Journal of Transportation Engineering},
   year =    {1992},
   volume =  {118},
   number =  {1},
   pages =   {99--110}
}

@inproceedings{Findler1993,
   author =    {Findler, N. V.},
   title =     {Knowledge-Based Approach to Urban Traffic Control},
   booktitle = {8th Int. Conf. on AI in Engineering},
   year =      {1993}
}

@article{Fischer+1993,
   author =  {Fischer, K. and Kuhn, N. and M\"uller, H. J. and M\"uller, J. P. and Pischel, M. and Schroth, A.},
   title =   {Verteiltes {P}robleml\"osen im {T}ransportwesen},
   journal = {Information Management},
   year =    {1993},
   volume =  {2},
   pages =   {32--40}
}

@incollection{Fischer+1995,
   author =    {Fischer, K. and Kuhn, N. and M\"uller, H. and M\"uller, J.},
   title =     {Sophisticated and Distributed: The Transportation Domain - Exploring Emergent Functionality in a Real-World Application, From Reaction to Cognition},
   publisher = {Springer},
   year =      {1995},
   number =    {957},
   series =    {LNAI},
   pages =     {122--138},
   address =   {Berlin}
}

@inproceedings{Fischer+1995b,
   author =    {Fischer, K. and M\"uller, J. and Pischeland, M. and Schier, D.},
   title =     {A Model for Cooperative Transportation Scheduling},
   booktitle = {Proceedings of the First International Conference on Multi-Agent Systems (ICMAS)},
   year =      {1995},
   editor =    {V. Lesser},
   pages =     {109--116}
}

%daniela 10/2008
@inproceedings{Folino+2006,
   author     = {Folino, G. and Forestiero, A. and Spezzano, G},
   title      = {Swarm-Based Distributed Clustering in Peer-to-Peer Systems},
   year       = {2006},
   booktitle  = {Proceedings of 7th International Conference on Artificial Evolution, EA 2005},
   pages      = {37--48},
   editor     = {},
   publisher  = {Springer},
   address    = {Lille, France}
}

@inproceedings{Foraste&Scemana1986,
   author =    {Foraste, B. and Scemana, G.},
   title =     {Surveillance and Congested Traffic Control in Paris by Expert System},
   booktitle = {IEEE Int. Conf. on Road Traffic Control},
   year =      {1986},
   pages =     {91--94},
   publisher = {IEEE Press},
   address =   {London}
}

%02/09/08 Daniel
@inproceedings{Fowler+2004,
       booktitle = {The Twenty-fourth SGAI International Conference on Innovative Techniques and Applications of Artificial Intelligence},
           title = {The Designers' Workbench: Using Ontologies and Constraints for Configuration.},
          author = {David W. Fowler and Derek Sleeman and Gary Wills and Terry Lyon and David Knott},
            year = {2004}
}

@article{Fox1981,
   author =  {Fox, M. S.},
   title =   {An Organizational View of Distributed Systems},
   journal = {IEEE Trans. on Systems, Man and Cybernetics},
   year =    {1981},
   volume =  {11},
   pages =   {70--80}
}

%denise 08/2007
@article{Fraley&Raftery1998,  
  title=	{How Many Clusters? Which Clustering Method? Answers Via Model-Based Cluster Analysis},
  author =	{Fraley, C. and Raftery, A.E.},
  journal =	{The Computer Journal},
  volume =	{41},
  number = 	{8},
  pages = 	{578--588},
  year = 	{1998},
  publisher =	{British Computer Society}
}

%mar / 07
@InProceedings{France&Ghorbani2003,
   author =    {John France and Ali A. Ghorbani},
   title =     {A Multiagent System for Optimizing Urban Traffic},
   booktitle = {Proceedings of the IEEE/WIC International Conference on Intelligent Agent Technology},
   year =      {2003},
   isbn =      {0-7695-1931-8},
   pages =     {411--414},
   publisher = {IEEE Computer Society},
   address =   {Washington, DC, USA},
}

@inproceedings{Francesquin2000,
   author =    {Francesquin, Nathalie},
   title =     {{A}gent-{B}ased {S}imulation of {H}uman-{I}nfluenced {E}cosystem: the Hydraulic Management of the {C}armague},
   booktitle = {Proc. of the International Workshop on {A}gent-{B}ased {S}imulation},
   year =      {2000},
   editor =    {Christoph Urban},
   pages =     {19--24}
}

@incollection{Franklin&Graesser1997,
   author =    {Franklin, S. and Graesser, A.},
   title =     {It is an Agent, or Just a Program? A Taxonomy for Autonomous Agents},
   booktitle = {Intelligent Agents},
   publisher = {Jennings, N. and Wooldridge, M.},
   year =      {1997},
   editor =    {Springer},
   volume =    {III}
}

%Fernando 03/09/08
@article{Franks1986,
   author =  {Nigel R. Franks},
   title =   {Teams in social insects: group retrieval of prey by army ants (\emph{Eciton burchelli}, Hymenoptera: Formicidae)},
   journal = {Behavioral Ecology and Sociobiology},
   year =    {1986},
   volume =  {18},
   number =  {6},
   pages =   {425--429}
}

%mariana ago 2011 (do antigo bioinfo.tex)
@article{ Freeman+1984, 
 AUTHOR = {Freeman, M. J. and Armstrong, C. H. and Freeman--Sands, L.  and Lopez--Osuna, L.}, 
 TITLE = {Serological cross--reactivity of porcine reference antisera to \emph{Mycoplasma hyopneumoniae}, \emph{M. flocculare}, \emph{M. hyorhinis} and \emph{M. hyosynoviae} indicated by the enzyme--linked immunosorbent assay, complement fixation and indirect hemagglutination tests}, 
 JOURNAL = {Can. J. Comp. Med.}, 
 VOLUME = {48}, 
 PAGES = {202--207}, 
 YEAR = {1984}, 
} 

@article{Freuder&Wallace1992,
   author =    {Freuder, Eugene C. and Wallace, Richard J.},
   title =     {Partial Constraint Satisfaction},
   volume =    {58},
   number =    {1--3},
   year =      {1992},
   pages =     {21--70},
   publisher = {Elsevier Science Publishers Ltd.}
}

%mariana maio 2012
@article{Freund&Schapire1996,
	Author = {Y. Freund and R. Schapire},
	Journal = {Machine Learning: Proceedings of the Thirteenth International Conference},
	Pages = {148-156},
	Title = {Experiments with a new boosting algorithm},
	Year = {1996}
}

%mariana marco 2012
@article{Friedlander+2008,
	Author = {Marc R Friedl\"ander and Wei Chen and Catherine Adamidi and Jonas Maaskola and Ralf Einspanier and Signe Knespel and Nikolaus Rajewsky},
	Journal = {Nature Biotechnology},
	Number = {1},
	Pages = {407-415},
	Title = {Discovering {microRNAs} from deep sequencing data using {miRDeep}},
	Volume = {26},
	Year = {2008},
}

%mariana marco 2012
@inproceedings{Friedman+1999,
  	author = {Nir Friedman and Moises Goldszmidt and Abraham Wyner},
  	title = {{Data Analysis with Bayesian Networks: A Bootstrap Approach}},
  	booktitle = {UAI '99: Proceedings of the 15th Annual Conference on Uncertainty in Artificial Intelligence},
  	publisher = {Morgan Kaufmann},
  	year = {1999},
  	pages = {196--20},
}

%mariana marco 2011
@incollection{Friedman+2000,
   author =    {Nir Friedman and Michael Liniar and Iftach Nachman and Dana Peer},
   title =     {Using {B}ayesian Networks to Analyse Expression Data},
   booktitle = {Journal of Computational Biology},
   publisher = {Mary Ann Liebert, Inc.},
   year =    {2000},
   volume = {7},
   pages =   {601--620},
}

%ana jan 07
@misc{Friedman&Shenker1993,
   author = {E. Friedman and S. Shenker},
   title =  {Learning by Distributed Automata},
   note =   {Unpublished},
   year =   {1993},
   url =    {citeseer.ist.psu.edu/friedman93learning.html}
}

%denise 07/2007
@INCOLLECTION{Fritzke1994,
   author =    {Bernd Fritzke},
   title =     {A growing neural gas network learns topologies},
   booktitle = {Advances in Neural Information Processing Systems 7},
   publisher = {MIT Press},
   year =      {1994},
   editor =    {G. Tesauro and D. S. Touretzky and T. K. Leen},
   pages =     {625--632},
   address =   {Cambridge, MA},
   url =       {http://books.nips.cc/papers/files/nips07/0625.pdf}
}

@InProceedings{Froehlich+1996,
   author =    {Peter Fr\"olich and Iara de Almeida M\'ora and Wolfgang Nejdl and Michael Schroeder},
   title =     {Diagnostic Agents for Distributed Systems},
   booktitle = {Formal Models of Agents: {ESPRIT} Project ModelAge Final Workshop},
   pages =     {173--186},
   year =      {1996},
   editor =    {John-Jules Ch. Meyer and Pierre-Yves Schobbens},
   volume =    {1760},
   series =    lnai
}

@mastersthesis{Frozza1997,
   author =  {Frozza, R.},
   title =   {{SIMULA} - Ambiente para Desenvolvimento de Sistemas Multiagentes Reativos},
   school =  {{UFRGS} - Universidade Federal do Rio Grande do Sul - Brasil},
   year =    {1997},
   address = {Rio Grande do Sul - Brasil}
}

%mariana junho/2011
@incollection{Fogelberg&Palade2009,
  author = {Christopher Fogelberg and Vasile Palade},
  title = {Machine {L}earning and {G}enetic {R}egulatory {N}etworks: {A} {R}eview and a {R}oadmap},
  booktitle = {Foundations of Computat. Intel.},
  volume = {1},
  pages = {3--34},
  publisher = {Springer-Verlag Berlin Heidelberg},
  year =    {2009},
}

@article{Fudenberg&Levine1993,
   author =  {Fudenberg, D. and Levine, D.},
   title =   {Steady State Learning and Nash Equilibrium},
   journal = {Econometrica},
   year =    {1993},
   volume =  {61},
   pages =   {547--573}
}

% ana set 12
@Book{Fudenberg&Levine1998,
  author={Drew Fudenberg and David K. Levine},
  title={The Theory of Learning in Games},
  publisher={The MIT Press},
  year=1998
}

%mariana fevereiro 2012
@INPROCEEDINGS{Fuente+2001,
	author = {Alberto de la Fuente and Paul Brazhnik and Pedro Mendes},
	title = {A quantitative method for reverse engineering gene networks from microarray experiments using regulatory strengths},
	booktitle = {Proceedings of International Conference on Systems Biology},
	year = {2001}
}

% Anderson Rocha - 17/04/2012
@inproceedings{Fujii+1999,
  title = {Inter-vehicle communications protocol for group cooperative driving},
  author = {Fujii, H. and Akiyama, M. and Tokuda, K.},
  booktitle = {Vehicular Technology Conference, 1999. VTC 1999-Fall. IEEE VTS 50th},
  volume = {4},
  pages = {2228--2232},
  year = {1999},
  organization = {IEEE}
}


@ARTICLE{Fukui&Ishibashi1996,
   AUTHOR =  {Fukui, M. and Ishibashi, Y.},
   TITLE =   {Traffic Flow in {1D} Cellular Automaton Model Including Cars Moving with High Speed},
   JOURNAL = {Journal of the Physical Society of Japan},
   VOLUME =  {65},
   NUMBER =  {6},
   YEAR =    {1996},
   MONTH =   {June},
   PAGES =   {1868--1870}
}

% Samuel 03/2009
@incollection{Fulda&Ventura2003,
   author = {Fulda, Nancy and Ventura, Dan},
   title = {Concurrently Learning Neural Nets: Encouraging Optimal Behavior in Reinforcement Learning Systems},
   booktitle = {{IEEE} International Workshop on Soft Computing Techniques in Instrumentation, Measurement, and Related Applications ({SCIMA})},
   month = {May},
   year = {2003},
}

% ana jan. 10 (por Vinicius)
@inproceedings{Fulda&Ventura2007,
 author    = {Nancy Fulda and               Dan Ventura},
 title     = {Predicting and Preventing Coordination Problems in Cooperative {Q}-learning Systems},
 booktitle = {Proceedings of the 20th International Joint Conference on Artificial Intelligence ({IJCAI})},
 year      = {2007},
 pages     = {780--785}}

%mariana ago 2011 (do antigo bioinfo.tex)
@article{ Gaasterland&Sensen1996, 
 AUTHOR = {Gaasterland, T. and Sensen, C. W.}, 
 TITLE = {Fully automated genome analysis that reflects user needs and preferences. A detailed 
     	  introduction to the MAGPIE system architecture}, 
 JOURNAL = {Biochemie}, 
 VOLUME = {78}, 
 PAGES = {302--310}, 
 YEAR =	{1996}, 
} 

@incollection{Gaerling1998,
   author =    {G\"arling, T.},
   title =     {Theoretical Foundations of to be Travel Choice Modeling: An Introduction},
   booktitle = {Theoretical Foundations of Travel Choice Modeling},
   publisher = {Elsevier},
   year =      {1998},
   editor =    {G\"{a}rling, T. and Laitila, T. and Westin, K.},
   pages =     {1--30},
   address =   {Oxford}
}

% ana out 11
@inproceedings{Galib&Moser2011,
 author = {Galib, Syed Md. and Moser, Irene},
 title = {Road traffic optimisation using an evolutionary game},
 booktitle = {Proceedings of the 13th annual conference companion on Genetic and evolutionary computation},
 series = {GECCO '11},
 year = {2011},
 isbn = {978-1-4503-0690-4},
 location = {Dublin, Ireland},
 pages = {519--526},
 numpages = {8},
 url = {http://doi.acm.org/10.1145/2001858.2002043},
 publisher = {ACM},
 address = {New York, NY, USA}
} 

@inproceedings{Galstyan+2003,
   author =    {Aram Galstyan and Shashikiran Kolar and Kristina Lerman},
   title =     {Resource Allocation Games with Changing Resource Capacities},
   booktitle = {Proceedings of the Second International Joint Conference on Autonomous Agents and Multiagent Systems},
   year =      {2003},
   isbn =      {1-58113-683-8},
   pages =     {145--152},
   location =  {Melbourne, Australia},
   doi =       {http://doi.acm.org/10.1145/860575.860599},
   publisher = {ACM Press}
}

% ana jan 11
@inproceedings{Gama+2005,
 author = {Gama, Jo\~{a}o and Medas, Pedro and Rodrigues, Pedro},
 title = {Learning decision trees from dynamic data streams},
 booktitle = {Proceedings of the 2005 ACM symposium on Applied computing},
 series = {SAC '05},
 year = {2005},
 isbn = {1-58113-964-0},
 location = {Santa Fe, New Mexico},
 pages = {573--577},
 optnumpages = {5},
 optdoi = {http://doi.acm.org/10.1145/1066677.1066809},
 publisher = {ACM},
 address = {New York, NY, USA}
} 

%Daniela 06/2007
@article{Gambardella+1998,
  author =     {Gambardella, L. M. and Taillard, E. D. and Dorigo, M.},
  title =      {Ant colony for the QAP},
  journal=     {Journal of Operational Research Society},
  pages =      {167--176},
  volume =     {50},
  year =       {1998}
}

%denise 10/06
@article{Gambardella+1999,
   title =     {{MACS-VRPTW}: A Multiple Ant Colony System for Vehicle Routing Problems with Time Windows},
   author =    {Gambardella, L.M. and Taillard, \'E. and Agazzi, G.},
   journal =   {Mcgraw-Hill'S Advanced Topics In Computer Science Series},
   pages =     {63--76},
   year =      {1999},
   publisher = {McGraw-Hill Ltd., UK Maidenhead, UK, England}
}

%denise 06/07
@book{Garey&Johnson1979,
   author =    {Michael R. Garey and David S. Johnson},
   title =     {Computers and Intractability: A Guide to the Theory of NP-Completeness},
   year =      {1979},
   isbn =      {0716710447},
   publisher = {W. H. Freeman \& Co.},
   address =   {New York, NY, USA}
}

@Article{Garland&Alterman2004,
   author =  {Garland, Andrew and Alterman, Richard},
   title =   {Autonomous Agents that Learn to Better Coordinate},
   journal = {Autonomous Agents and Multi-Agent Systems},
   year =    {2004},
   volume =  {8},
   number =  {3},
   pages =   {267--301},
   month =   {May}
}

%ana mar/07
@Article{Gartner+1975,
   author =  { N. H. Gartner and J. D. C. Little and H. Gabbay},
   title =   {Optimization of Traffic Signal Settings by Mixed Integer Linear Programming},
   journal = {Transportation Science},
   year =    {1975},
   volume =  {9},
   pages =   {321--363}
}

@article{Gartner1983,
   author =  {Gartner, N. H.},
   title =   {{OPAC} - A Demand-Responsive Strategy for Traffic Signal Control},
   journal = {Transportation Research Record},
   year =    {1983},
   volume =  {906},
   pages =   {75--81},
   editor =  {Transp. Res. Board},
   address = {Washington, DC}
}

%ana fev 10 (por Vinicius)
@book{Gasser&Huhns1990,
 editor = {Gasser, Les and Huhns, Michael N.},
 title = {Distributed artificial intelligence: vol. 2},
 year = {1990},
 isbn = {1-55860-092-2},
 publisher = {Morgan Kaufmann Publishers Inc.},
 address = {San Francisco, CA, USA}
 }

 
%mariana ago 2011 (do antigo bioinfo.tex)
@Article{Gasteiger+2001,
  author = 	 {Gasteiger, E. and Jung, E. and Bairoch, A.},
  title = 	 {SWISS-PROT: Connecting biological knowledge via a protein database},
  journal = 	 {Curr. Issues Mol. Biol.},
  year = 	 {2001},
  OPTkey = 	 {},
  volume = 	 {3},
  OPTnumber = 	 {},
  pages = 	 {47--55},
  OPTmonth = 	 {},
  OPTnote = 	 {},
  OPTannote = 	 {}
}

@INPROCEEDINGS{Gatti&Amigoni2004,
   AUTHOR =    {Gatti, N. and Amigoni, F.},
   TITLE =     {A Cooperative Negotiation Protocol for Physiological Model Combination},
   BOOKTITLE = {Proceedings of the Third Internation Joint Conference on Automomous Agents and Multi-Agent Systems},
   pages =     {655--662},
   YEAR =      {2004}
}

%denise 01/2008
@PhdThesis{Gawron1998,
  author = {Gawron, C.},
  title =       "Simulation-based traffic assignment",
  school =      "University of Cologne",
  year =        "1998",
  address =     "Cologne, Germany",
 URL =  {www.zaik.uni-koeln.de/AFS/publications/theses.html}
}

% Anderson Rocha - 17/04/2012
@inproceedings{Gehring&Fritz1997,
  title = {Practical results of a longitudinal control concept for truck platooning with vehicle to vehicle communication},
  author = {Gehring, O. and Fritz, H.},
  booktitle = {Intelligent Transportation System, 1997. ITSC'97., IEEE Conference on},
  pages = {117--122},
  year = {1997},
  organization = {IEEE}
}

%mariana junho/2011
@TECHREPORT{Geiger&Heckerman1994,
  author = {D. Geiger and D. Heckerman},
  title = {Learning Gaussian Networks},
  institution = {Microsoft Research},
  year = {1994},
  number = {MSR-TR-94-10},
  address = {Redmond, Washington},
  month = {July},
  text = {Revised July 1994},
}

%Paulo Becker, 30/08/05 (correcao do ano)
@article{Genesereth1984,
   author =  {Genesereth, M.},
   title =   {The Use of Design Descriptions in Automated Diagnosis},
   journal = {Artificial Intelligence},
   year =    {1984},
   volume =  {24},
   pages =   {411--436},
   month =   {December},
   series =  {1--3},
   address = {Amsterdam}
}

@inproceedings{Genesereth+1986,
   author =    {Genesereth, M. R. and Ginsberg, M. L. and Rosenschein, J. S.},
   title =     {Cooperation Without Communication},
   booktitle = {Proc. of  the Fifth Nat. Conf. on Art. Intelligence},
   year =      {1986},
   publisher = {AAAI Press}
}

@inproceedings{Georgeff1983,
   author =    {Georgeff, M. P.},
   title =     {Communication and Interaction in Multi-Agent Planning},
   booktitle = {Proc. of the Nat. Conf. on Art. Intelligence},
   year =      {1983},
   pages =     {125--129},
   publisher = {AAAI Press}
}

@inproceedings{Georgeff1984,
   author =    {Georgeff, M. P.},
   title =     {A Theory of Action for Multi-Agent Planning},
   booktitle = {Proc. of the Nat.. Conf. on Art. Intelligence},
   year =      {1984},
   pages =     {121--125},
   publisher = {AAAI Press}
}

%Fernando, fev/09
@Article{Gerkey&Mataric2004,
   author  = {Gerkey, Brian P. and Maja J. Matari\'c},
   title   = {A Formal Analysis and Taxonomy of Task Allocation in Multi-Robot Systems},
   journal = {The International Journal of Robotics Research},
   year    = {2004},
   volume  = {23},
   number  = {9},
   pages   = {939--954},
   OPTmonth = {}
}

%ana mar/07
@Article{Gershenson2005,
   author =  {Carlos Gershenson},
   title =   {Self-Organizing Traffic Lights},
   journal = {Complex Systems},
   year =    {2005},
   volume =  {16},
   number =  {1},
   pages =   {29--53}
}

% ana set 11
@phdthesis{Gershenson2007,
	Address = {Brussels, Belgium},
	Author = {Carlos Gershenson},
	Month = {May},
	School = {Vrije Universiteit Brussel},
	Title = {Design and Control of Self-organizing Systems},
	Url = {http://cogprints.org/5442/},
	Year = {2007}
}

%Fernando 29/10/2007
@inproceedings{Gershman+2006,
   author =    {Amir Gershman and Amnon Meisels and Roie Zivan},
   title =     {Asynchronous Forward-Bounding for Distributed Constraint Optimization},
   booktitle = {Proc. of the 17th European Conference on Artificial Intelligence ({ECAI 2006})},
   year =      {2006},
   editor =    {G. Brewka and S. Coradeschi and A. Perini},
   pages =     {103--108},
   publisher = {IOS Press, Inc.},
   address =   {Riva del Garda, Italy}
}

%Denise 10/2005
@article{Ghahramani2001,
   author =    {Zoubin Ghahramani},
   title =     {An introduction to hidden Markov models and Bayesian Networks},
   journal =   {International Journal of Pattern Recognition and Artificial Intelligence},
   year =      {2001},
   volume =    {1},
   number =    {15},
   pages =     {9--42},
   publisher = {World Scientific Publishing},
   address =   {River Edge, NJ, USA}
 }

%LEONARDO
@Book{Gilbert&Troitzsch1999,
   author =    {Gilbert, Nigel and Klaus G. Troitzsch},
   title =     {Simulation for the Social Scientist},
   publisher = {Open University Press},
   year =      {1999}
}

% ana ago 10
@book{Gilbert2007,
    author = {Gilbert, N.},
    title = {Agent-based Models (Quantitative Applications in the Social Sciences)},
    publisher = {Sage Pubn}, 
    year = {2007} }

@inproceedings{Gillies1953,
   author =    {Gillies, D.},
   title =     {Locations of Solutions},
   booktitle = {Report of an Informal Conf. on the Theory of n-Person Games},
   year =      {1953},
   pages =     {11--12},
   publisher = {Princeton Mathematics mimeo},
   address =   {Princeton}
}

% ana ago 09
@article{Gintis+2001,
	author = {Gintis, Herbert and Smith, Eric A. L. D. E. N. and Bowles, Samuel},
	doi = {10.1006/jtbi.2001.2406},
	journal = {Journal of Theoretical Biology},
	month = {November},
	number = {1},
	pages = {103--119},
	title = {Costly Signaling and Cooperation},
	volume = {213},
	year = {2001}
}

% ana ago 09
@article{Gintis2000,
	author = {Gintis, Herbert},
	doi = {10.1006/jtbi.2000.2111},
	journal = {Journal of Theoretical Biology},
	month = {September},
	number = {2},
	pages = {169--179},
	title = {Strong Reciprocity and Human Sociality},
	volume = {206},
	year = {2000}
}

%TOYAMA-24/02/2005
@Article{Gipps&Marksjo1985,
   author =  {P. G. Gipps and B. Marksj\"o},
   title =   {A Micro-Simulation Model for Pedestrian Flows},
   journal = {Mathematics and Computers in Simulation},
   year =    {1985},
   volume =  {27},
   pages =   {95--105},
   month =   {April}
}

@inproceedings{Giraffa+1997,
   author =    {Giraffa, L. M. M. and Nunes, M. A. and Viccari, R. M.},
   title =     {Multi-Ecological: an Intelligent Learning Environment using Multi-Agent architecture},
   booktitle = {MASTA'97: Multi-Agent System: Theory and Applications},
   year =      {1997},
   address =   {Coimbra: DE-Universidade de Coimbra}
}

%ana 20.4.06
@InProceedings{Gloor+2004,
   author =    {Christian Gloor and Pascal Stucki and Kai Nagel},
   title =     {Hybrid Techniques for Pedestrian Simulations},
   booktitle = {ACRI 2004},
   pages =     {581--590},
   year =      {2004},
   editor =    {P. M. A. Sloot and B. Chopard and A. G. Hoekstra},
   volume =    {3305},
   series =    lncs,
   publisher = {Springer}
}

%daniel 05-09
@INCOLLECTION{Gloor+2004ATT,
 AUTHOR =       {C. Gloor and D. Cavens and K. Nagel},
 TITLE =        {A Message-Based Framework for Real-World Mobility Simulations},
 BOOKTITLE =    {Application of Agent Technology in Traffic and Transportation},
 PUBLISHER =    {Birkh{\"a}user},
 YEAR =         {2004},
 editor =       {F. Kl{\"u}gl and A. L. C. Bazzan and S. Ossowski},
 pages =        {193-209},
}

@inproceedings{Gmytrasiewicz&Lisetti2000,
   author =    {Gmytrasiewicz, Piotr J. and Lisetti, Christine L.},
   title =     {Using Decision Theory to Formalize Emotions},
   booktitle = {Proc. of the Second Workshop on Decision Theoretic and Game Theoretic Agents},
   year =      {2000},
   editor =    {Parsons, Simon and Gmytrasiewicz, Piotr},
   pages =     {39--47a},
   address =   {Boston},
   month =     {10--12 July}
}

@article{Gmytrasiewicz&Durfee2001,
   author =  {Gmytrasiewicz, Piotr J. and Durfee, Edmund H.},
   title =   {Rational Communication in Multi-Agent Environments},
   journal = {Autonomous Agents and Multi-Agent Systems},
   year =    {2001},
   volume =  {4},
   pages =   {233--272}
}

% ana mar 11
@InProceedings{Goebel+2009,
    author = {Norbert Goebel and Jedrzej Rybicki and Bj\"{o}rn Scheuermann and Martin Mauve},
    title  = {{A Peer-to-Peer-based Traffic Information System}},
    year   = {2009},
    pages  = {10--11},
    month  = Sep,
    booktitle = {{MobiCom}~'09: Proceedings of the 15th {ACM SIGMOBILE} International Conference on Mobile Computing and Networking, Demo Track},
    location = {Beijing, China},
    note = {Technical Demonstration},
}

%Anderson 14/05/2012
@article{Goh2002,
  title={Congestion management and electronic road pricing in {S}ingapore},
  author={Goh, M.},
  journal={Journal of Transport Geography},
  volume={10},
  number={1},
  pages={29--38},
  year={2002},
  publisher={Elsevier}
}

@book{Goldberg1989,
   author =    {Goldberg, David E.},
   title =     {Genetic Algorithms in Search, Optimization and Machine Learning},
   year =      {1989},
   isbn =      {0201157675},
   publisher = {Addison-Wesley Longman Publishing Co., Inc.}
}


% ana mai 11
@inproceedings{Goldberg&Harrelson2005,
author = {Andrew V. Goldberg and Chris Harrelson},
title = {Computing the shortest path:  search meets graph theory},
booktitle = {Proceedings of the Sixteenth Annual ACM-SIAM Symposium on Discrete Algorithms},
year = {2005},
pages = {156--165},
doi = {10.1145/1070432.1070455},
location = {Vancouver, Canada},
publisher = {SIAM},
isbn      = {0-89871-585-7},
}

% boffo 29/12/2006
@article{Goldman&Zilberstein2004,
  author =  {Goldman, C.V. and Zilberstein, S.},
  title =   {Decentralized Control of Cooperative Systems: Categorization and Complexity Analysis},
  journal = {Journal of Artificial Intelligence Research},
  year =    {2004},
  volume =  {22},
  pages =   {143--174}
}

%Denise
@article{Golomb&Baumert1965,
   author =    {Solomon W. Golomb and Leonard D. Baumert},
   title =     {Backtrack Programming},
   journal =   {J. ACM},
   volume =    {12},
   number =    {4},
   year =      {1965},
   issn =      {0004-5411},
   pages =     {516--524},
   publisher = {ACM Press}
}

@article{Goncalves&Brunnet1999,
   author = {Gon\c{c}alves and Brunnet},
   title =  {Spatial Correlations of Urban Traffic Flow},
   year =   {1999}
}

@article{Gordon1996,
   author =  {Gordon, D.},
   title =   {The Organization of Work in Social Insect Colonies},
   journal = {Nature},
   year =    {1996},
   volume =  {380},
   pages =   {121--124}
}

@book{Gordon2000,
   author =    {Gordon, D.},
   title =     {Ants at Work: How an Insect Society is Organized},
   publisher = {W.W. Norton \& Company},
   year =      {2000}
}

@article{Gordon&Pereira2001,
   author =  {Gordon, D. and Pereira, H.},
   title =   {A Trade-off in Task Allocation between Sensitivity to the Environment and Response Time},
   journal = {Journal of Theoretical Biology},
   year =    {2001},
   volume =  {208},
   pages =   {165--184}
}

@book{Gordon2002,
   author =    {Gordon, D.},
   title =     {Formigas em a\c c\~ao: Como se Organiza uma Sociedade de Insetos},
   publisher = {Jorge Zahar Editor},
   year =      {2002}
}

%denise 04/2007
@ARTICLE{Gordon2007,
  author =  {Geoffrey J. Gordon},
  title =   {Agendas for multi-agent learning},
  journal = {Artificial Intelligence},
  year =    {2007},
  volume =  {171},
  pages =   {392--401},
  number =  {7},
  month =   {May},
  address = {Essex, UK},
  publisher={Elsevier Science Publishers Ltd.}
}

% Fabiana, 12/03/2008, adicionado por Fernando
@inproceedings{Goy+2007,
   author =    {Anna Goy and Liliana Ardissono and Giovanna Petrone},
   booktitle = {The Adaptive Web},
   title =     {Personalization in E-Commerce Applications},
   pages =     {485--520},
   publisher = {Springer Berlin / Heidelberg},
   year =      {2007}
}

%mariana ago 2011 (do antigo bioinfo.tex)
@article{ Goodwin+1965, 
 AUTHOR = {Goodwin, R. F. and Pomeroy, A. P. and Whittlestone, P.}, 
 TITLE = {Production of enzootic pneumonia in pigs with mycoplasma}, 
 JOURNAL = {Vet. Rec.}, 
 VOLUME = {77}, 
 PAGES = {1247--1249}, 
 YEAR =	{1965}, 
} 
 
%mariana ago 2011 (do antigo bioinfo.tex)
@article{ Goodwin1984, 
 AUTHOR = {Goodwin, R. F.}, 
 TITLE = {Apparent reinfection of enzootic--pneumonia--free pig herds: early signs and incubation period}, 
 JOURNAL = {Vet. Res.}, 
 VOLUME = {115}, 
 PAGES = {320--324}, 
 YEAR =	{1984}, 
} 

%%Denise
@article{Grasse1959,
   author =  {Grass\'{e}, P.~P.},
   journal = {Insectes Sociaux},
   pages =   {41-80},
   title =   {La Reconstruction du nid et les Coordination Inter-Individuelles chez Bellicositermes Natalensis et Cubitermes sp. La th\'erie de la Stigmergie: Essai d'interpr\'etation du Comportement des Termites Constructeurs},
   volume =  {6},
   year =    {1959}
}

@inproceedings{Gratch&Marselha2001,
   author =    {Gratch, J. and Marselha, S.},
   title =     {Tears and Fears: Modeling Emotions and Emotional Behaviors in Synthetic Agents},
   booktitle = {Proceedings of The Fifth International Conference on Autonomous Agents (Agents 2001)},
   year =      {2001},
   editor =    {M\"uller, J\"org P. and Andre, Elisabeth and Sen, Sandip and Frasson, Claude},
   publisher = {ACM Press},
   address =   {Montreal, Canada}
}
 
%mariana ago 2011 (do antigo bioinfo.tex)
@Article{Green1994, 
  author = 	 {Green, P.}, 
  title = 	 {Ancient conserved regions in gene sequences}, 
  journal = 	 {Current Opinions in Structural Biology}, 
  year = 	 {1994}, 
  key = 	 {4}, 
  pages = 	 {404--412} 
} 

%Denise 02/2006
@article{Greenough&Kelman1998,
   author  = {John C. Greenough and W. Les Kelman},
   title   = {Metro {T}oronto {SCOOT}: Traffic Adaptive Control Operation},
   journal = {ITE Journal},
   year    = {1998},
   volume  = {68},
   number  = {5},
   month   = {May},
   address = {Washington, DC}
}

@inproceedings{Greenshields1935,
   author =    {Greenshields, B.},
   title =     {A Study in Highway Capacity},
   booktitle = {Proc. of Highway Res. Board},
   year =      {1935},
   volume =    {14}
}

%Daniel 03-09
@InProceedings{Gregoire+2007,
author = {Gregoire, P.-L. and  Desjardins, C. and  Laumonier, J. and  Chaib-draa, B. },
title = {Urban Traffic Control Based on Learning Agents},
booktitle = {Proc. of the 10th Intelligent Transportation Systems Conference (ITSC 2007)},
pages = {916--92},
year = {2007},
OPTeditor = {},
address = {Seattle, WA},
month = {Sept},
organization = {IEEE},
publisher = {IEEE},
OPTdoi = {},
issn = {978-1-4244-1396-6}
}

%ana out 2006
@incollection{Greiner+1992,
   author =    {Russell Greiner and Barbara A. Smith and Ralph W. Wilkerson},
   title =     {A Correction to the Algorithm in {R}eiter's theory of diagnosis},
   booktitle = {Readings in Model-Based Diagnosis},
   year =      {1992},
   isbn =      {1-55860-249-6},
   pages =     {49--53},
   publisher = {Morgan Kaufmann Publishers Inc.},
   address =   {San Francisco, CA, USA}
}

% Fernando 07/10/2008
@InProceedings{Grinshpoun+2007,
   author =    {Tal Grinshpoun and Moshe Zazon and Maxim Binshtok and Amnon Meisels},
   title =     {Termination Problem of the {APO} Algorithm},
   booktitle = {Proceedings of the Eighth International Workshop on Distributed Constraint Reasoning (DCR'07)},
   year =      {2007},
   address =   {Hyderabad, India},
   editor =    {Adrian Petcu},
   volume =    {8},
   month =     {Jan},
   pages =     {117--124}
}

%Daniel 05/09
@INPROCEEDINGS{Grether+2008,
 AUTHOR =       {D. Grether and Y. Chen and M. Rieser and U. Beuck and K. Nagel},
 TITLE =        {Emergent Effects in Multi-Agent Simulations of Road Pricing},
 BOOKTITLE =    {48th Congress of the European Regional Science Association, August 2008, Liverpool, UK},
 YEAR =         {2008},
}

% ana out 11
@article{Gross&Blasius2008,
  author = {Gross, Thilo and Blasius, Bernd},
  journal = {J. R. Soc. Interface},
  number = 20,
  pages = {259--271},
  publisher = {The Royal Society},
  title = {Adaptive coevolutionary networks: a review},
  volume = 5,
  year = 2008,
  doi = {10.1098/rsif.2007.1229}
}

%Mariana 03/11
@phdthesis{Grzegorczyk2006,
   author = {Marco Grzegorczyk},
   title = {Comparative Evaluation of different Graphical Models for the Analysis of Gene Expression Data},
   school = {TU Dortmund University},
   year = {2006},
}

%mariana junho/2011
@article{Grzegorczyk&Husmeier2008,
  author = {Marco Grzegorczyk and Dirk Husmeier},
  title = {Improving the structure MCMC sampler for Bayesian networks by introducing a new edge reversal move},
  journal = {Machine Learning},
  volume = {71},
  pages = {265--305},
  year = {2008},
}

%Daniela 06/2008
@InProceedings{Guntsch&Middendorf2003,
   author =    {Guntsch, M. and Middendorf, M.},
   title =     {Solving Multi-criteria Optimization Problems with Population-Based ACO},
   booktitle = {Proceedings of the Second International Conference, EMO 2003},
   year =      {2003},
   volume =    {2632},
   address =   {Faro, Portugal},
   publisher = {Springer Berlin / Heidelberg},
   pages =     {464--478}
}

@ARTICLE{Guttman&Maes1998,
   AUTHOR =  {Guttman, R. H. and Maes, P.},
   TITLE =   {Cooperative vs. Competitive Multi-Agent Negotiations in Retail Electronic Commerce},
   JOURNAL = {Lecture Notes in Computer Science},
   volume =  {1435},
   pages =   {135--147},
   YEAR =    {1998}
}

@book{Guyton&Hall1998,
   author =    {Guyton, A. and Hall, J.},
   title =     {Textbook of Medical Physiology},
   publisher = {W. B. Saunders Co.},
   year =      {1998}
}

%ana setembro 2007
@Article{Guererk+2006,
author = {\"Ozgur G\"urek and Bernd Irlenbusch and Bettina Rockenbach},
title = {The Competitive Advantage of Sanctioning Institutions},
journal = {Science},
year = {2006},
volume = {312},
number = {5770},
pages = {108--111},
month = {April}
}

%Denise 05/2007
@INPROCEEDINGS{Guestrin+2002,
   author = 	{Carlos Guestrin and Michail G. Lagoudakis and Ronald Parr},
   title = 	{Coordinated Reinforcement Learning},
   booktitle = 	{Proceedings of the Nineteenth International Conference on Machine Learning (ICML)},
   year	= 	{2002},
   pages = 	{227--234},
   address = 	{San Francisco, CA, USA},
   publisher = 	{Morgan Kaufmann},
   isbn = 	{1-55860-873-7}
}

%denise 10/2009
@INPROCEEDINGS{Guestrin+2001,
  author =    {Carlos Guestrin and Daphne Koller and Ronald Parr},
  title =     {Multiagent Planning with Factored MDPs},
  booktitle = {Proceedings of the 14th. Advances in Neural Information Processing Systems (NIPS)},
  year =      {2001},
  editor =    {T. G. Dietterich and S. Becker and Z. Ghahramani},
  pages =     {1523--1530},
  address =   {Cambridge, MA},
  month =     {December},
  publisher = {MIT Press}
}

@article{Guyon&Elisseeff2003, 
 AUTHOR = {I. Guyon and A. Elisseeff}, 
 TITLE = {An introduction to variable and feature selection}, 
 JOURNAL = {Journal of Machine Learning Research}, 
 VOLUME = {3}, 
 PAGES = {1157--1182}, 
 YEAR = 2003 
} 
