@BOOK{GoldGASOML,
	AUTHOR		= "Goldberg, David Edward",
	TITLE		= "Genetic algorithms in search, optimization, and
				machine learning",
	PUBLISHER	= "Addison-Wesley",
	YEAR		= "1989",
	ADDRESS		= "Reading, Massachusetts",
	EDITION		= "Reprinted with corrections",
	ANOTE		= "XIII, 412 S."	}
