%ATENCAO: INCLUDIR QUEM E *QUANDO* (MES/ANO) INSERIU !!

% ana jul 10 (por Vinicius)
@article{Kaboga&Basturk2008,
title = {On the performance of artificial bee colony {(ABC)} algorithm},
journal = {Applied Soft Computing},
volume = {8},
number = {1},
pages = {687-- 697},
year = {2008},
issn = {1568-4946},
doi = {DOI: 10.1016/j.asoc.2007.05.007},
url = {http://www.sciencedirect.com/science/article/B6W86-4NWCGRR-G/2/422ccff5df9d32a5bf8517068ca2a094},
author = {D. Karaboga and B. Basturk}
}

%atualizado por Denise 07/2008
@INPROCEEDINGS{Kaelbling1987,
  author =    {Kaelbling, L.P.},
  title =     {An Architecture for Intelligent Reactive Systems},
  booktitle = {Proceedings of the Workshop on Reasoning About Actions and Plans},
  year =      {1987},
  editor =    {Lansky, A.L. and M.P. Georgeff},
  address =   {San Mateo, CA.},
  publisher = {Morgan Kaufmann}
}

%inserido Bruno 04/2006 (revisado Bruno - 25/09/06 e 27/04/2007)
@article{Kaelbling+1996,
   Author =       {Leslie Pack Kaelbling and Michael Littman and Andrew Moore},   
   Howpublished = {JAIR Volume 4},
   Year =         {1996},
   Journal =      {Journal of Artificial Intelligence Research},
   Volume =       {4},
   Pages =        {237-285},
   Title =        {Reinforcement Learning: A Survey}
}

%modificado Denise 10/2005
@article{Kaelbling+1998,
   author =    {Leslie Pack Kaelbling and Michael L. Littman and Anthony R. Cassandra},
   title =     {Planning and Acting in Partially Observable Stochastic Domains},
   journal =   {Artificial Intelligence},
   volume =    {101},
   number =    {1--2},
   year =      {1998},
   pages =     {99--134},
   publisher = {Elsevier}
}

%% Boffo - 12/11/2007
@techreport{Kalra&Martinoli2006,
  author = {N. Kalra and A. Martinoli},
  title = {A Comparative Study of Market-Based and Threshold-Based Task Allocation},
  institution = {EPFL, Lausanne, Switzerland},
  year = {2006},
}

@ARTICLE{Kahneman&Tversky1979,
   AUTHOR =  {D. Kahneman and A. Tversky},
   TITLE =   {Prospect Theory: An Analysis of Decision under Risk},
   JOURNAL = {Econometrica},
   VOLUME =  {47},
   NUMBER =  {2},
   PAGES =   {263--291},
   YEAR =    {1979}
}

@ARTICLE{Kahneman&Tversky1981,
   AUTHOR =  {A. Tversky and D. Kahneman},
   TITLE =   {The Framing Decisions and the Psychology of Choice},
   JOURNAL = {Science},
   VOLUME =  {211},
   PAGES =   {453--458},
   YEAR =    {1981}
}

@article{Kalai&Lehrer1993,
   author =  {{Kalai, E. and E., Lehrer}},
   title =   {Rational Learning leads to Nash Equilibrium},
   journal = {Econometrica},
   year =    {1993},
   volume =  {61},
   pages =   {1019--1045}
}

% BAZZAN 10/08/2005
@inproceedings{Kalech&Kaminka2004,
   author =    {Meir Kalech and Gal A. Kaminka},
   title =     {Diagnosing a Team of Agents: Scaling-Up},
   booktitle = {AAMAS '04: Proceedings of the 3rd International Joint Conference on Autonomous Agents and Multiagent Systems},
   year =      {2004},
   isbn =      {1-58113-864-4},
   pages =     {1474--1475},
   location =  {New York, New York},
   doi =       {http://dx.doi.org/10.1109/AAMAS.2004.107},
   publisher = {IEEE Computer Society},
   address =   {Washington, DC, USA},
}

%ana set. 05
@inproceedings{Kalech&Kaminka2005,
   author =    {Meir Kalech and Gal A. Kaminka},
   title =     {Towards Model-Based Diagnosis of Coordination Failures},
   booktitle = {AAAI '05: Proceedings of the 12th National Conference on Artificial Intelligence},
   editor    = {Manuela M. Veloso and Subbarao Kambhampati},
   year =      {2005},
   pages =     {102--107},
   location =  {Pittsburgh, Pennsylvania, USA},
   publisher = {AAAI Press / The MIT Press},  
   isbn =      {1-57735-236-X}
}

@article{Kandori+1993,
   author =  {{Kandori, M., G.G. Mailath and R. Rob}},
   title =   {Learning, Mutation and Long Run Equilibria in Games},
   journal = {Econometrica},
   year =    {1993},
   volume =  {61},
   pages =   {29--56}
}

%Daniela 05/2007
@inproceedings{Kao&Cheng2006,
   title =     {An {ACO}-Based Clustering Algorithm},
   author =    {Kao, Y. and Cheng, K.},
   year =      {2006},
   booktitle = {Proceedings of the Fifth International Workshop on Ant Colony Optimization and Swarm Intelligence - {ANTS} 2006},
   series    = {Lecture Notes in Computer Science},
   volume    = {4150},
   pages =     {340--347},
   publisher = {Springer},
   address =   {Brussels, Belgium}
}

% ana jan 2010
@inproceedings{Kapetanakis&Kudenko2002,
 author    = {Spiros Kapetanakis and  Daniel Kudenko},
 title     = {Reinforcement Learning of Coordination in Cooperative Multi-Agent Systems},
 booktitle = {AAAI/IAAI},
 year      = {2002},
 pages     = {326--331}
}

% Anderson 07/nov/2011
@thesis{Karg2008,
	author = "Frank Karg",
	title = "Inter-Vehicular Communication",
	year = "2008",
	month = "december",
	school = "Faculty of Engineering and Computer Science, Ulm University",
	publisher = "Faculty of Engineering and Computer Science, Ulm University",
	pages = "56",
	url = "http://medien.informatik.uni-ulm.de/~frank/docs/habilitation-no-papers.pdf"
}

% paulo ferreira jul 2008
@inproceedings{Karmani+2007,
 author={Rajesh Karmani and Timo Latvala and Gul Agha},
 title={On Scaling Multi-Agent Task Reallocation Using Market-Based Approach},
 booktitle={Proceedings of the First IEEE International Conference on Self-Adaptive and Self-Organizing Systems},
 location = {Boston, Mass., USA},
 month = {July},
 pages = {173--182},
 year={2007}
} 

%mariana ago 2011 (do antigo bioinfo.tex)
@Article{Karp1998, 
  author = 	 {Karp, Peter}, 
  title = 	 {What we do not know about sequence analysis and sequence databases}, 
  journal = 	 {Bioinformatics}, 
  year = 	 {1998}, 
  volume = 	 {4}, 
  number = 	 {9}, 
  pages = 	 {753--754}, 
  note = 	 {Editorial} 
} 

% Fernando (a pedido da prof. Bazzan) por Robert 21/01/2008
@inproceedings{Kasif1986,
   author =    {Kasif, S.},
   title =     {On the parallel complexity of some constraint satisfaction problems},
   booktitle = {Proceedings of the National Conference on Artificial Intelligence - AAAI 86},
   year =      {1986},
   pages =     {349--353},
   location =  {Pittsburgh, Pennsylvania, USA}
}

% Vinicius 29/12/2009
@article{Kauffman1969,
    author = {Kauffman, S. A.},
    issn = {0022-5193},
    journal = {J Theor Biol},
    month = {March},
    number = {3},
    pages = {437--467},
    title = {Metabolic stability and epigenesis in randomly constructed genetic nets.},
    volume = {22},
    year = {1969}
}

% Vinicius 29/12/2009
@Article{Kauffman&Johnsen1991,
  author =      {Stuart A. Kauffman and Sonke Johnsen},
  title =      {Coevolution to the edge of chaos: Coupled fitness landscapes, poised states, and coevolutionary avalanches},
  journal =      {J Theor Biol},
  year =      {1991},
  volume =      {149},
  number =      {4},
  pages =      {429--571},
  month =      {April}
}

@book{Kauffman1993,
   author =    {Stuart A. Kauffman},
   title =     {The Origins of Order},
   publisher = {Oxford University Press},
   year =      {1993},
   address =   {Oxford}
}

@incollection{Kauman+1999,
   author =    {{Kaumann, O., K. Froese, R. Chrobok, J. Wahle, L. Neubert, and Scherenberg}},
   title =     {On-line Simulation of the Freeway Network of North Rhine-Westphalia},
   booktitle = {Traffic and Granular '99},
   publisher = {Springer, Heidelberg},
   year =      {1999},
   editor =    {{Helbing, D., H. Herrmann, M. Schreckenberg, and D.E. Wolf}}
}

%Mariana mar√ßo 2011
@incollection{Keedwell&Narayanan2005,
   author =    {Keedwell, E. and Narayanan, A.},
   title =     {Discovering Gene Networks with a Neural-Genetic Hybrid},
   booktitle = {IEEE/ACM Transactions on Computational Biology and Bioinformatics},
   volume = {2},
   issue = {3},
   pages = {231--242},
   numpages = {12},
   publisher = {IEEE CS},
   year =      {2005},
}

%Daniel 05/09
@INCOLLECTION{Kesting+2009,
 AUTHOR =       {A. Kesting and M. Treiber and D. Helbing},
 TITLE =        {Agents in Traffic Simulation},
 BOOKTITLE =    {Agents, Simulations and Applications},
 PUBLISHER =    {Taylor and Francis},
 YEAR =         {2009},
 editor =       {A. Uhrmacher and D. Weyns},
}

% ana jan. 07
@inproceedings{Ketchpel1994,
   author =    {Steven P. Ketchpel},
   title =     {Forming Coalitions in the Face of Uncertain Rewards},
   booktitle = {AAAI},
   year =      {1994},
   pages =     {414-419}
}

@article{Kim+2002,
   author =  {B. J. Kim and A. Trusina and P. Holme and P. Minnhagen and J. S. Chung and M. Y. Choi},
   title =   {Dynamic Instabilities Induced by Asymmetric Influence: Prisoner's Dilemma Game in Small-World Networks},
   journal = {Physical Review E},
   year =    {2002},
   volume =  {66}
}

%mariana ago 2011 (do antigo bioinfo.tex)
@article{ King&Stemberg1990, 
 AUTHOR = {King, R. D. and Sternberg, M. J.E. }, 
 TITLE = {Machine Learning Approach for the Prediction of Protein Secondary Structure}, 
 JOURNAL = {J. Mol. Biol.}, 
 VOLUME = {216}, 
 PAGES = {441--57}, 
 YEAR = {1990} 
} 

%mariana ago 2011 (do antigo bioinfo.tex) 
@article{ King+1992, 
 AUTHOR = {R. D. King and S. Muggleton and R. A. Lewis and M. J.E.  Sternberg}, 
 TITLE = {Drug Design by machine learning: The use of inductive logic programming to model the structure--activity relationships of trimethoprim analogues binding to dihydrofolate reductase}, 
 JOURNAL = {Proc. Natl. Acad. Sci}, 
 VOLUME = {89}, 
 PAGES = {11322--26}, 
 YEAR = {1992} 
} 

% Bruno - 27/04/2007
@book{Kinney1997,
   author =    {Kinney, John J.},
   title =     {Probability: An Introduction with Statistical Applications},
   year =      {1997},
   publisher = {John Wiley and Sons}
}

@article{Kirby+1987,
   author =  {{Kirby, H.R. and F.O. Montgomery}},
   title =   {Towards a Rule-based Approach for Traffic Signal Design},
   journal = {Civ. Engineering Syst.},
   year =    {1987},
   volume =  {4},
   pages =   {20--26}
}

% TOYAMA 07/2005
@Article{Kirchnera+2003,
   author =  {Kirchner, Ansgar and Kl\"upfel, Hubert and Nishinari, Katsuhiro and Schadschneider, Andreas and Schreckenberg, Michael},
   title =   {Simulation of Competitive Egress Behavior: Comparison with Aircraft Evacuation Data},
   journal = {Physica A: Statistical Mechanics and its Applications},
   year =    {2003},
   volume =  {324},
   number =  {3--4},
   pages =   {689--697}
}

% TOYAMA 07/2005
@Article{Kirchner+2003,
   author =  {Kirchner, Ansgar and Nishinari, Katsuhiro and Schadschneider, Andreas},
   title =   {Friction Effects and Clogging in a Cellular Automaton Model for Pedestrian Dynamics},
   journal = {Pyshical Review E},
   year =    {2003},
   volume =  {67},
   number =  {5},
   month =   {May}
}

% TOYAMA
@Article{Kirchner&Schadschneider2002,
   author =  {Ansgar Kirchner and Andreas Schadschneider},
   title =   {Simulation of Evacuation Processes using a Bionics-inspired Cellular Automaton Model for Pedestrian Dynamics},
   journal = {Physica A: Statistical Mechanics and its Applications},
   year =    {2002},
   volume =  {312},
   pages =   {260--276},
   month =   {September}
}

%mariana ago 2011 (do antigo bioinfo.tex)
@Article{Kirkness&Kerlavage1997, 
  author = 	 {Kirkness, E. F and Kerlavage,  A. R.}, 
  title = 	 { The {TIGR} human {cDNA} database}, 
  journal = 	 {Methods Mol Biol,}, 
  year = 	 {1997}, 
  volume = 	 {69}, 
  pages = 	 {261--268} 
} 

%paulo ferreira set 2005
@article{Kirn&Gasser1998,
   author =  {Kirn, St. and Gasser, L.},
   title =   {Organizational Approaches to Coordination in Multi-Agent Systems},
   journal = {{I}nformationstechnik und {T}echnische {I}nformatik (IT+TI)},
   number =  {4},
   volume =  {1},
   pages =   {23--29},
   year =    {1998}
}  

@techreport{Kirschkamp1994,
   author =      {Kirschkamp, O.},
   title =       {Spatial Evolution of Automata in the Prisoner's Dilemma},
   institution = {Univ of Bonn},
   year =        {1994},
   note =        {Wirtschaftstheorie III}
}

%denise 07/2007
@INPROCEEDINGS{Kitano+1999,
   author = 	{Kitano, H. and Tadokoro, S. and Noda, I. and Matsubara, H. and Takahashi,
 	T. and Shinjou, A. and Shimada, S.},
   title = 	{RoboCup Rescue: search and rescue in large-scale disasters as adomain for 
autonomous agents research},
   booktitle =  {Proceedings of the IEEE International Conference on Systems, Man, and 
Cybernetics (SMC)},
   year =	{1999},
   volume = 	{6},
   pages = 	{739--743},
   address = 	{Tokyo, Japan},
   month = 	{October},
   organization={IEEE},
   url =	{http://ieeexplore.ieee.org/xpls/abs_all.jsp?arnumber=816643}
}

% boffo 29/12/2006
@inproceedings{Kitano2000,
   author =    {Kitano, H.},
   title =     {RoboCup Rescue: A Grand Challenge for Multi-Agent Systems},
   booktitle = {Proc. of the 4th International Conference on MultiAgent Systems},
   address =   {Boston, USA},
   year =      {2000},
   pages =     {5--12},
   publisher = {Los Alamitos, IEEE Computer Society}
}

% Fernando 14/11/2007
@book{Kleinberg&Tardos2005,
   author = {Jon Kleinberg and Eva Tardos},
   title = {Algorithm Design},
   year = {2005},
   isbn = {0321295358},
   publisher = {Addison-Wesley Longman Publishing Co., Inc.},
   address = {Boston, MA, USA}
}

%Denise (06/2005)
@inproceedings{Kluegl&Puppe1998,
   author =    {F. Kl\"ugl  and F. Puppe},
   title =     {The Multi-Agent Simulation Environment {SeSAm}},
   month =     {April},
   booktitle = {Proceedings of the Workshop {SiWis} University Paderborn},
   year =      {1998},
   address=    {Paderborn}
}

@phdthesis{Kluegl2000,
   author = {Kl\"{u}gl, F.},
   title =  {Activity-based Behavior Description and its Support for Multi Agent Simulation},
   school = {Julius-Maximilians-Universit\"a W\"urzburg, Institute of Computer Science},
   year =   {2000}
}

@book{Kluegl2001book,
   author =    {Kl\"ugl, F.},
   title =     {Multi-Agent Simulation - Concepts, Tools, Application},
   publisher = {Addison Wesley},
   year =      {2001},
   address =   {Munich},
   note =      {in German}
}

@misc{Kluegl+2001,
   author = {Kl\"ugl, Franziska and Oechlein, Chistoph and Puppe, Frank},
   title =  {{SeSAm}. The Multi-Agent Simulation Environment},
   year =   {2001}
}

@InProceedings{Kluegl+2003sesam,
   author =    {Kl\"ugl, F. and Herrler, R. and Oechslein, C.},
   title=      {From Simulated to Real Environments: {H}ow to use {SeSAm} for Software Development},
   booktitle = {Proceedings of the 1st German Conferences {MATES} - Multiagent System Technologies},
   year =      {2003},
   editor =    {Berlin, Springer},
   number =    {2831},
   series =    lnai,
   pages =     {13--24}
}

%daniel 05/09
@INPROCEEDINGS{Kluegl&Rindsfueser2007,
 AUTHOR =       {F. Kl{\"u}gl and G. Rindsf{\"u}ser},
 TITLE =        {Large Scale Agent-based Pedestrian Simulation},
 BOOKTITLE =    {Multiagent System Technologies. 5th German Conference, MATES 2007. Leipzig, G, Sept, 2007},
 YEAR =         {2007},
 editor =       {P. Petta and J. P. M{\"u}ller and M. Klusch and M. Georgeff},
 number =       {4687},
 series =       {LNAI},
 pages =        {145-156},
 publisher =    {Springer},
 }

% Fabiana - 02/2008
@inproceedings{Knoblock&Levy1994,
  author = {Knoblock, Craig and Levy, Aren},
  title = {An architecture for information retrieval agents},
  booktitle = {Working Notes of the AAAI Spring Syposium on Software Agents},
  pages = {49--56},
  location = {Stanford, CA},
  year = {1994}
}

@ARTICLE{Knospe+2003,
   AUTHOR =  {Knospe, W. and Santen, L. and Schadschneider, A. and Schreckenberg, M.},
   TITLE =   {A Realistic Two-lane Traffic Model for Highway Traffic},
   JOURNAL = {J. Phys. A},
   YEAR =    {2003},
   NUMBER =  {35},
   PAGES =   {3369-3388},
   FILE =    {25}
}

%ana set. 2005
@Article{Kobayashi&Do2005,
   author =  {Kiyoshi Kobayashi and Myungsik Do},
   title =   {The Informational Impacts of Congestion Tolls upon Route Traffic Demands},
   journal = tra,
   year =    {2005},
   volume =  {39},
   number =  {7--9},
   pages =   {651--670},
   month =   {August-November}
}

%mariana ago 2011 (do antigo bioinfo.tex)
@article{ Kobisch&Friis1996, 
 AUTHOR = {Kobisch, M. and Friis, N. F.}, 
 TITLE = {Swine mycoplasmoses}, 
 JOURNAL = {Rev. Sci. Tech. Off. Int. Epizoot.}, 
 VOLUME = {15}, 
 PAGES = {1569--1606}, 
 YEAR =	{1996} 
} 

@mastersthesis{Koda1996,
   author =  {Koda, T.},
   title =   {Agents with Faces: A Study on the Effects of Personification of Software Agents},
   school =  {MIT Media Lab.},
   year =    {1996},
   address = {Cambridge, MA}
}

%ana mar/07
@InProceedings{Koehler+2004,
   author =    {Ekkehard K\"ohler and Rolf H. M\"ohring and Gregor W\"unsch},
   title =     {Minimizing Total Delay in Fixed-Time Controlled Traffic Networks},
   booktitle = {Proceedings of Operations Research (OR)},
   pages =     {192},
   year =      {2004},
   editor =    {Fleuren, Hein and Dick den Hertog and  Kort, Peter },
   series =    {Operations Research Proceedings},
   address =   {Tilburg},
   publisher = {Springer}
}

%Daniela 07/05/2007
@book{Kogan+2006,
   author =    {Kogan, J. and Nicholas, C. and Teboulle, M.},
   publisher = {Springer-Verlag},
   title =     {Grouping Multidimensional Data: Recent Advances in Clustering},
   address =   {Secaucus, NJ, USA},
   pages =     {268},
   year =      {2006}
}

%mariana junho/2011
@article{Kohonen1982,
  author = {Teuvo Kohonen},
  title = {Self-organized Formation Of Topologically Correct Feature Maps},
  journal = {Biological Cybernetics},
  volume = {43},
  year = {1982},
  pages = {59--69},
  }

%mariana junho/2011
@article{Kohonen1990,
  author = {Teuvo Kohonen},
  title = {The self-organizing map},
  journal = {Proceedings of the IEEE},
  volume = {9},
  year = {1990},
  pages = {1464--1479},
}

%mariana junho/2011
@article{Kohonen+2000,
  author = {Teuvo Kohonen and Samuel Kaski and Krista Lagus and Jarkko Salojarvi and Jukka Honkela and Vesa Paatero and Antti Saarela},
  title = {Self {O}rganization of a {M}assive {D}ocument {C}ollection},
  journal = {IEEE Transactions On Neural Networks},
  volume = {11},
  number = {3},
  year = {2000},
  pages = {574--585},
}

%denise 7/2007
@PHDTHESIS{Kok2006,
  author =     {Jelle R. Kok},
  title =      {Coordination and Learning in Cooperative Multiagent Systems},
  school =     {Faculty of Science, University of Amsterdam},
  year =       {2006}
}

%Denise 5/2007
@ARTICLE{Kok&Vlassis2006,
   author = 	{Kok, J.R. and Vlassis, N.},
   title = 	{Collaborative Multiagent Reinforcement Learning by Payoff Propagation},
   journal = 	{Journal of Machine Learning Research},
   year = 	{2006},
   volume = 	{7},
   pages = 	{1789--1828}
}

%Denise 5/2007
@INPROCEEDINGS{Kok&Vlassis2004,
   author = 	{Jelle R. Kok and Nikos Vlassis},
   title = 	{Sparse cooperative Q-learning},
   booktitle = 	{Proceedings of the 21st. International Conference on Machine Learning (ICML)},
   year = 	{2004},
   pages = 	{481--488},
   address = 	{New York, USA},
   month = 	{July},
   publisher = 	{ACM Press},
   doi = 	{http://doi.acm.org/10.1145/1015330.1015410}
}

% Paulo Ferreira - maio / 2008
@Article{Kolisch&Sprecher1997,
author = {Rainer Kolisch  and Arno Sprecher},
title = {{PSPLIB} -- A project scheduling problem library},
journal = {European Journal of Operational Research},
year = {1997},
volume = {96},
number = {1},
pages = {205--216},
month = {January}
}

% Fabiana - 17/11/05
@BOOK{Kolodner1993,
    AUTHOR =    {Janet Kolodner},
    ADDRESS =   {San Mateo, CA},
    PUBLISHER = {Morgan Kaufmann},
    TITLE =     {Case-Based Reasoning},
    pages =     {668},
    YEAR =      {1993}
}

@article{Koning+1998,
   author =  {{Koning, K., B. Bredeweg}},
   title =   {Qualitative Reasoning in Tutoring Interactions},
   journal = {Interactive Learning Environments, Amsterdam},
   year =    {1998},
   volume =  {5},
   pages =   {65--79}
}

@article{Koning+1999,
   author =  {{Koning, K. et al.}},
   title =   {Model-Based Reasoning About Learner Behavior},
   journal = {Artificial Intelligence, Amsterdam},
   year =    {1999},
   volume =  {117},
   pages =   {173--229}
}

@article{Konolige1982,
   author =    {{Konolige, K.}},
   title =     {A First-order Formalization Knowledge and Action for a Multi-Agent Planning System},
   journal =   {Machine Intelligence},
   year =      {1982},
   volume =    {10},
   publisher = {Ellis Hoewood, New York}
}

@TechReport{Kohavi+1994, 
  author = 	 {Kohavi, R.and John, G. and Long, R.and  Manley, D. and Pfleger, K.}, 
  title = 	 {{MLC++}: A Machine Learning Library in {C++}}, 
  institution =  {Computer Science Dept, Stanford University}, 
  year = 	 {1994} 
} 

% ana jan 11
@INPROCEEDINGS{Kohavi1996,
    author = {Ron Kohavi},
    title = {Scaling Up the Accuracy of Naive-Bayes Classifiers: a Decision-Tree Hybrid},
    booktitle = {Proc. of the 2nd Int. Conf. on Knowledge Discovery and Data Mining},
    year = {1996},
    pages = {202--207},
    publisher = {AAAI Press}
}

@article{Kornfeld+,
   author =  {{Kornfeld, W.A. and C.E. Hewitt}},
   title =   {The Scientific Community Metaphor},
   journal = {IEEE Trans. on Systems, Man and Cybernetics},
   volume =  {11},
   pages =   {24--33}
}

@article{Kosonen1996,
   author =  {Kosonen, I.},
   title =   {{HUTSIM} - A Simulation Tool for Traffic Signal Control Planning},
   journal = {{HUT} Transportation Engineering Publication},
   year =    {1996},
   volume =  {89}
}

%ana mar/07
@Article{Kosonen2003,
   author =  {Iisakki Kosonen},
   title =   {Multi-Agent Fuzzy Signal Control Based on Real-Time Simulation},
   journal = trc,
   year =    {2003},
   volume =  {11},
   number =  {5},
   pages =   {389--403}
}

%denise 04/2008
@ARTICLE{Kosmatopoulos+2006,
   author =  {E. Kosmatopoulos and M. Papageorgiou and C. Bielefeldt and V. Dinopoulou and R. Morris and J. Mueck and A. Richards and F. Weichenmeier},
   title =   {International comparative field evaluation of a traffic-responsive signal control strategy in three cities},
   journal = {Transportation Research Part A: Policy and Practice},
   year =    {2006},
   volume =  {40},
   pages =   {399--413},
   number =  {5},
   month =   {June}
}

% Anderson Rocha 05/dez/2011
@techreport{Kotusevski&Hawick2009,
  title = {A Review of Traffic Simulation Software},
  author = {Kotusevski, G. and Hawick, K. A.},
  institution = {Massey University},
  year = {2009}
}

@Article{Kozlak+2008,
  author =     {J. Ko\'zlak and G. Dobrowolski and M. Kisiel-Dorohinicki and E. Nawarecki},
  title =      {Anti-Crisis Management of City Traffic Using Agent-Based Approach},
  journal =    {Journal of Universal Computer Science},
  year =       2008,
  volume =     14,
  number =     14,
  pages =      {2359--2380}
}

%Anderson Rocha set 2011
@inproceedings{Krajzewicz+2002,
 author = {Krajzewicz, Daniel and Hertkorn, Georg and R√∂ssel, Christian and Wagner, Peter},
 title = {SUMO (Simulation of Urban MObility); An open-source traffic simulation},
 booktitle = {Proceedings of the 4th Middle East Symposium on Simulation and Modelling},
 year = {2002},
 pages = {183-187},
 editor = {Al-Akaidi, A.},
 publisher = {MESM},
 address = {Sharjah, United Arab Emirates},
}

% Anderson Rocha 05/dez/2011
@inproceedings{Krajzewicz+2005,
  title={Simulation of modern traffic lights control systems using the open source traffic simulation SUMO},
  author={Krajzewicz, D. and Brockfeld, E. and Mikat, J. and Ringel, J. and R{\"o}ssel, C. and Tuchscheerer, W. and Wagner, P. and W{\"o}sler, R.},
  booktitle={Proceedings of the 3rd industrial simulation conference},
  volume={2205},
  year={2005}
}

% fabiana - 20/12/2005
@article{Kraus1997,
   author =  {Sarit Kraus},
   title =   {Negotiation and Cooperation in Multi-Agent Environments},
   journal = {Artificial Intelligence},
   volume =  {94},
   number =  {1--2},
   pages =   {79--97},
   year =    {1997}
}

% Anderson 07/11/2011
@thesis{ KrauSS1998,
	title = "Microscopic Modelling of Traffic Flow: Investigation of Collision Free Vehicle Dynamics",
	author = "Stefan Krau{\ss}",
	school = {DLR (Hauptabteilung Mobilit{\"a}t und Systemtechnik)},
	publisher = {DLR (Hauptabteilung Mobilit{\"a}t und Systemtechnik)},
	year = "1998"
}
 
%mariana ago 2011 (do antigo bioinfo.tex)
@article{Krebs&Bourne2004,
author = {Krebs, Werner G. and Bourne, Philip E.},
title = {{Statistically rigorous automated protein annotation}},
journal = {Bioinformatics},
volume = {20},
number = {7},
pages = {1066--1073},
year = {2004},
URL = {http://bioinformatics.oupjournals.org/cgi/content/abstract/20/7/1066},
}

%mariana ago 2011 (do antigo bioinfo.tex)
@article{ Kretschmann+2001, 
 AUTHOR = {Kretschmann, E. and Fleischmann, W. and Apweiler, R.}, 
 TITLE = {Automatic rule generation for protein annotation with the {C4.5} data mining algorithm 	  applied on {SWISS-PROT}}, 
 JOURNAL = {Bioinformatics}, 
 VOLUME = {17}, 
 PAGES = {920--926}, 
 YEAR = {2001} 
} 

% Fernando, 03/2009
@Article{Krieger+2000,
   author =  {Krieger, Michael J. B. and Billeter, Jean-Bernard and Keller, Laurent},
   title =   {Ant-like task allocation and recruitment in cooperative robots},
   journal = {Nature},
   year =    {2000},
   volume =  {406},
   number =  {6799},
   pages =   {992--995}
}

@inproceedings{Kruger2000,
   author =    {{Kr\"uger, H.P.}},
   title =     {Der {V}erkehr als {F}orschungsfeld},
   booktitle = {{BLICK}: ({F}orschungsschwerpunkt: {I}nterdisziplin\"ares {Z}entrum f\"ur {V}erkehswissenschften)},
   year =      {2000},
   month =     {2}
}

% Fabiana - 
@InProceedings{Krulwich1996,
   author =    {Krulwich, B.},
   title =     {The Bargainfinder Agent: Comparison Price Shopping on the Internet},
   booktitle = {Bots, and other internet beasties},
   year =      {1996},
   pages =     {257--263},
   editor =    {J. Williams},
   publisher = {Macmillan Computer Publishing}
}

% Fernando (a pedido da prof. Bazzan) por Robert 21/01/2008
@inproceedings{Kschischang+2001,
   author =    {Kschischang, F.R. and Frey, B. and Loeliger, H.A.},
   title =     {Factor graphs and the sum-product algorithm},
   booktitle = {IEEE Transactions On Information Theory 2001},
   year =      {2001},
   pages =     {498--519}
}

@article{Kube&Bonabeau1998,
   author =    {Kube, R. and Bonabeau, E.},
   title =     {Cooperative Transport by Ants and Robots},
   journal =   {Robotics and Autonomous Systems},
   year =      {2000},
   volume =    {Volume 30},
   number =    {Issue 1/2},
   pages =     {85--101},
   note =      {ISSN: 0921-8890},
   url =       {http://citeseer.nj.nec.com/kube98cooperative.html},
   publisher = {Elsevier}
}

% ana ago 11
@article{Kubera+2011,
  author    = {Yoann Kubera and
               Philippe Mathieu and
               S{\'e}bastien Picault},
  title     = {{IODA}: an interaction-oriented approach for multi-agent based
               simulations},
  journal   = {Autonomous Agents and Multi-Agent Systems},
  volume    = {23},
  number    = {3},
  year      = {2011},
  pages     = {303-343},
}

%mariana ago 2011 (do antigo bioinfo.tex)
@article{ Kulikova+2004,
 author = {Kulikova, T. and others},
 title = {The {EMBL} Nucleotide Sequence Database},
 journal = {Nucleic Acids Research},
 volume = {32},
 pages = {D27--D30},
 year = {2004}
} 
 
%mariana ago 2011 (do antigo bioinfo.tex)
@InProceedings{Kulp+1996, 
  author = 	 {Kulp, D. and  Haussler, D. and  Rees, M. G. and  Eeckman, F. H.}, 
  title = 	 { A generalized hidden {M}arkov model for the recognition of human genes in DNA}, 
  booktitle = 	 {Proc. Conf. on Intelligent Systems in Molecular Biology '96}, 
  year = 	 {1996}, 
  address = 	 {St. Louis, Missouri}, 
  publisher = { AAAI/MIT} 
} 

@article{Kumar1992,
   author =  {Vipin Kumar},
   title =   {Algorithms for Constraints Satisfaction problems: A Survey},
   journal = {AI Magazine},
   volume =  {13},
   year =    {1992},
   pages =   {32--44},
   number =  {1}
}

%Daniel 05/09
@ARTICLE{Kumar&Mitra2006,
 AUTHOR =       {S. Kumar and S. Mitra},
 TITLE =        {Self-Organizing Traffic at a malfunctioning intersection},
 JOURNAL =      {JASSS},
 YEAR =         {2006},
 volume =       {9},
 number =       {4},
 pages =        {3.html},
 }
 
 % Anderson Rocha 05/dez/2011
@inproceedings{Kumar+2010,
  title={iTETRIS: Adaptation of ITS technologies for large scale integrated simulation},
  author={Kumar, V. and Lin, L. and Krajzewicz, D. and Hrizi, F. and Martinez, O. and Gozalvez, J. and Bauza, R.},
  booktitle={Vehicular Technology Conference (VTC 2010-Spring), 2010 IEEE 71st},
  pages={1--5},
  year={2010},
  organization={IEEE}
}

% ana jan 10 (por Vinicius)
@inproceedings{Kuminov&Tennenholtz2008,
 author = {Kuminov, Danny and Tennenholtz, Moshe},
 title = {As Safe As It Gets: Near-Optimal Learning in Multi-Stage Games with Imperfect Monitoring},
 booktitle = {Proceeding of the {ECAI} 2008},
 year = {2008},
 isbn = {978-1-58603-891-5},
 pages = {438--442},
 publisher = {IOS Press},
 address = {Amsterdam, The Netherlands, The Netherlands},
 }

% ana nov 09
@Book{Kutz2003,
  ALTauthor = 	 {},
  editor = 	 {Myer Kutz},
  title = 	 {Handbook of Transportation Engineering},
  publisher = 	 {McGraw-Hill Professional},
  year = 	 {2003},
  edition = 	 {first},
}

%Daniel 03-09
@inproceedings{Kuyer+2008,
 author    = {Lior Kuyer and Shimon Whiteson and Bram Bakker and Nikos A. Vlassis},
 title     = {Multiagent Reinforcement Learning for Urban Traffic Control  Using Coordination Graphs},
 booktitle = {ECML/PKDD},
 year      = {2008},
 pages     = {656--671},
 ee        = {http://dx.doi.org/10.1007/978-3-540-87479-9_61}
}

%mariana ago 2011 (do antigo bioinfo.tex)
@Article{Kyrpides2000,
  author =       {Kyrpides, N. et al},
  title =        {Analysis of the {\emph{Thermotoga maritima}} genome combining a variety of sequence similarity and genome context tools.},
  journal =      {Nucleic Acids Research},
  year =         {2000},
  volume =       {28},
  pages =        {4573--4576}
}

@incollection{Labiale1988,
   author =    {{Labiale, G.}},
   title =     {Survey on Driver Behavior},
   booktitle = {Road User Behavior},
   publisher = {Van Gorcum, AA Assen, The Netherlands},
   year =      {1988},
   editor =    {J.A. Rothengatter and R.A. de Bruin},
   pages =     {699}
}

%Daniela 05/2007
@inproceedings{Labroche+2002,
   title =     {A new clustering algorithm based on the chemical recognition system of ants},
   author =    {Labroche, N. and Monmarch\'e, N. and Venturini, G.},
   year =      {2002},
   booktitle = {Proceedings of the 15th European Conference on Artificial Intelligence (ECAI 2002)},
   pages =     {345--349},
   publisher = {IOS Press},
   address =   {France}
}

%Daniel 05/09
@INPROCEEDINGS{Laemmel+2008ATT,
 AUTHOR =       {G. L{\"a}mmel and M. Rieser and K. Nagel},
 TITLE =        {Bottlenecks and Congestion in Evacuation Scenarios: A Microscopic Evacuation Simulation for Large-Scale Disasters},
 BOOKTITLE =    {Proceedings of the 5th Workshop on Agents in Traffic and Transportation, at AAMAS 2008, May, 13th, Estoril, Portugal},
 YEAR =         {2008},
 editor =       {A. L. C. Bazzan and F. Kl{\"u}gl and S. Ossowski},
 pages =        {54-61},
}

%Mariana mar√ßo 2011
@incollection{Lahdesmaki+2003,
   author =    {L\"ahdesm\"aki, H. and Shmulevich, I. and Yli-Harja, O.},
   title =     {On Learning Gene Regulatory Networks under the Boolean Network Model},
   booktitle = {Machine Learning},
   publisher = {Kluwer Academic Publishers},
   year =    {2003},
   volume = {52},
   pages =   {147--167}
}

%Daniel 05/09
@INPROCEEDINGS{Laemmel+2008ICWT,
 AUTHOR =       {G. L{\"a}mmel and H. Kl{\"u}pfel and K. Nagel},
 TITLE =        {Preliminary Result of a large scale microscopic evacuation simulation for the city of Padang in the case of a tsunami},
 BOOKTITLE =    {ICTW'08 Bali},
 YEAR =         {2008},
}

%mariana junho/2011
@article{Lahdemaski+2003,
  author = {Harri L\"ahdesm\"aki and Ilya Shmulevich and Olli Yli-Harja},
  title = {On {L}earning {G}ene {R}egulatory {N}etworks {U}nder the {B}oolean {N}etwork {M}odel},
  journal = {Machine Learning},
  year = {2003},
  volume = {52},
  pages = {147--167},
  publisher = {Kluwer Academic Publishers},
}

% Fernando (a pedido da prof. Bazzan) por Robert 21/01/2008
@inproceedings{Land&Doig1960,
   author =    {A. H. Land and A. G. Doig},
   title =     {An Automatic Method for Solving Discrete Programming Problems},
   booktitle = {Econometrica},
   volume =    {28},
   year =      {1960},
   pages =     {497--520}
}

@INPROCEEDINGS{Lander&Lesser1993,
  AUTHOR =    {Lander, S. and Lesser, V.},
  TITLE =     {Understanding the Role of Negotiation in Distributed Search Among Heterogeneous Agents},
  BOOKTITLE = {Proceedings of the International Joint Conference on Artificial Intelligence},
  month =     {January},
  YEAR =      {1993}
}

%mariana ago 2011 (do antigo bioinfo.tex)
@Article{Lander+2001,
  author  = {Lander, E. and others},
  title   = {Initial sequencing and analysis of the human genome},
  journal = {Nature},
  year    = {2001},
  volume  = {409},
  pages   = {860--921}
}

@book{Langley+1973,
   author =    {{Langley, P., H. Simon, G.L. Bradshaw and J. Zytkow}},
   title =     {Scientific Discovery},
   publisher = {MIT Press, Cambridge, MA},
   year =      {1987}
}

% samuel 09/2009
@inproceedings{Lanzi+2006,
   author = {Lanzi, Pier Luca and Loiacono, Daniele and Wilson, Stewart W. and Goldberg, David E.},
   title = {Classifier prediction based on tile coding},
   booktitle = {GECCO 06: Proceedings of the 8th annual conference on Genetic and evolutionary computation},
   year = {2006},
   pages = {1497--1504},
   location = {Seattle, Washington, USA},
   publisher = {ACM},
   address = {New York, NY, USA}
}

% Fabiana - 13/dez/05
@inproceedings{Lau2004,
   author =    {Lau, Raymond},
   title =     {Towards Genetic Algorithm Based Adaptive Negotiation Agents for e-Commerce},
   booktitle = {Proceedings of the 2004 International Conference on Intelligent Agents},
   year =      {2004},   
   pages =     {33--43}
}

%Denise 03/2008
@inproceedings{Lauer&Riedmiller2000,
   author =    {Martin Lauer and Martin Riedmiller},
   title =     {An Algorithm for Distributed Reinforcement Learning in Cooperative Multi-Agent Systems},
   booktitle = {Proc. 17th International Conference on Machine Learning},
   year =      {2000},
   pages =     {535--542},
   publisher = {Morgan Kaufmann, San Francisco, CA}
}

%Denise 03/2008
@INPROCEEDINGS{Lauer&Riedmiller2004,
   author =    {Martin Lauer and Martin Riedmiller},
   title =     {Reinforcement Learning for Stochastic Cooperative Multi-Agent Systems},
   booktitle = {Proceedings of the Third International Joint Conference on Autonomous Agents and Multiagent Systems (AAMAS)},
   year =      {2004},
   pages =     {1516--1517},
   address =   {Washington, DC, USA},
   publisher = {IEEE Computer Society},
   doi =       {http://dx.doi.org/10.1109/AAMAS.2004.226},
   isbn =      {1-58113-864-4},
   location =  {New York, New York}
}

%Daniela 06/2008
@InProceedings{Laws+2004,
   author =    {Laws, M. H. C. and Topchy, A. P. and Jain, A. K.},
   title =     {Mutiobjective Data Clustering},
   booktitle = {Proceedings of IEEE Computer Society Conference on Computer Vision and Pattern Recognition},
   volume =    {2},
   year =      {2004},
   address =   {Los Alamitor, CA, USA},
   publisher = {IEEE Computer Society},
   pages =     {424--430}
}

%Daniela 06/2008
@InProceedings{Laws+2005,
   author =    {Laws, M. H. C. and Topchy, A. P. and Jain, A. K.},
   title =     {Exploiting the trade-off - The benefits of multiple objectives in data clustering},
   booktitle = {Proceedings of the Third International Conference on Evolutionary Multi-Criterion Optimization (EMO 2005)},
   year =      {2005},
   publisher = {Springer Verlag},
   pages =     {547--560}
}

@TECHREPORT{LeBaron2002,
   AUTHOR =      {B. {LeBaron}},
   TITLE =       {Building the Santa Fe Artificial Stock Market},
   INSTITUTION = {Brandeis University},
   MONTH =       {June},
   YEAR =        {2002}
}

@book{LeDoux1996,
   author =    {{LeDoux}, J.},
   title =     {O Cerebro Emocional: Os Misteriosos Alicerces da Vida Emocional},
   publisher = {Objetiva},
   year =      {1996},
   address =   {Rio de Janeiro},
   edition =   {2}
}

%mariana junho 2011
@article{Lee&Tzou2009,
  author = {Wei-Po Lee and Wen-Shyong Tzou},
  title = {Computational methods for discovering gene networks from expression data},
  journal = {Briefings in Bioinformatics},
  volume = {10},
  number = {4},
  pages = {408--423},
  year = {2009},
  publisher = {Oxford University Press.},
}

% Denise atualizado 02/2007
@BOOK{Leite1980,
   AUTHOR =    {Jos\'e Geraldo Madeira Leite},
   TITLE =     {Engenharia de Tr\'afego: M\'etodos de Pesquisa, Caracter\'isticas de Tr\'afego, Intersec\c c\~oes e Sinais Luminosos},  
   PUBLISHER = {Companhia de Engenharia de Tr\'afego - {CET}},
   YEAR =      {1980},
   address =   {S\~ao Paulo}
}

%Fernando 03/03/2009
@InCollection{Lehmann+2006,
   author =    {Daniel Lehmann and Rudolf M\"uller and Tuomas Sandholm},
   title =     {The Winner Determination Problem},
   booktitle = {Combinatorial Auctions},
   pages =     {217--317},
   publisher = {The MIT Press},
   year =      {2006},
   editor =    {Peter Cramton and Yoav Shoham and Richard Steinberg},
   address =   {Cambridge}
}

%%Paulo (07/2005)
@inproceedings{Lemaitre&Excelent1998,
   author =    {C. Lemaitre-Le\'on and C.B. Excelente-Toledo},
   title =     {Multiagent Organization Approach},
   booktitle = {2nd Iberoamerican Workshop on Distributed Artificial Intelligence and Multi-Agent Systems},
   location =  {Toledo, Spain},
   year =      {1998}
}

%mariana ago 2011 (do antigo bioinfo.tex)
@Article{Lengauer1999, 
  author = 	 {Lengauer, Thomas}, 
  title = 	 {The accessibility of data for bioinformatics}, 
  journal = 	 { Bioinformatics}, 
  year = 	 {1999}, 
  volume = 	 {15}, 
  number = 	 {2}, 
  pages = 	 {91--92} 
} 

@article{Lesser+1981,
   author =  {V. R. Lesser and D. D. Corkill},
   title =   {Funcionally Accurate, Cooperative Distributed Systems},
   journal = {IEEE Trans. on Systems, Man and Cybernetics},
   year =    {1981},
   volume =  {11},
   pages =   {81-96}
}

@article{Lesser+1983,
   author =  {Lesser, V. R. and D. D. Corkill},
   title =   {The Distributed Vehicle Monitoring Testbed: A Tool for Investigating Distributed Problem Solving Networks},
   journal = {AI magazine},
   year =    {1983},
   volume =  {4},
   pages =   {15--33}
}

@misc{Lesser1997,
   author = {Lesser, V. R.},
   title =  {Introduction to Multi-Agent Systems},
   year =   {1997},
   note =   {Notas de Aula},
   school = {Univ. of Massachusetts}
}

@techreport{Lesser+1998a,
   author =      {V. R. Lesser and M. Atighetchi and B. Benyo and B. Horling and A. Raja and R. Vincent  and T. Wagner and P. Xuan and S. XQ Zhang},
   title =       {A Multi-Agent System for Intelligent Environment Control},
   institution = {Univ. of Massachussets},
   year =        {1998},
   number =      {40}
}

@techreport{Lesser+1998b,
   author =      {V. R. Lesser and  K. Decker and N. Carver and A. Garver and D. Neiman and M. Nagendra-Prasad and T. Wagner},
   title =       {Evolution of the GPGP Domain-Independent Coordination Framework},
   institution = {Univ. of Massachussets},
   year =        {1998},
   number =      {05},
   note =        {Tech. Rep. TR-98-05, Univ. of Massachussets}
}

@article{Lesser1998,
   author =    {Lesser, V.},
   title =     {{Reflections on the Nature of Multi-Agent Coordination and Its Implications for an Agent Architecture}},
   journal =   {Autonomous Agents and Multi-Agent Systems},
   volume =    {1},
   publisher = {Kluwer Academic Publishers},
   pages =     {89-111},
   month =     {January},
   year =      {1998},
   url =       {http://mas.cs.umass.edu/paper/1}
}

@article{Lesser1999,
   author =    {Victor Lesser},
   title =     {Cooperative Multiagent Systems: A Personal View of the State of the Art},
   journal =   {IEEE Transactions on Knowledge and Data Engineering},
   year =      {1999},
   volume =    {11},
   pages =     {133--142},
   address =   {Los Alamitos},
   number =    {1},
   month =     {January},
   publisher = {IEEE Computer Society}
}

% paulo ferreira 01/11/2007
@inproceedings{Lesser2002,
 author = {Victor R. Lesser},
 title = {Evolution of the {GPGP/T\AE MS} domain-independent coordination framework},
 booktitle = {Proceedings of the first international joint conference on Autonomous agents and 
multiagent systems (AAMAS 2002)},
 year = {2002},
 isbn = {1-58113-480-0},
 pages = {1--2},
 location = {Bologna, Italy},
 publisher = {ACM},
 address = {New York, NY, USA},
 }

%Fernando 15/08/2007
@book{Lesser+2003,
   author =    {Victor Lesser and Charles Ortiz and Milind Tambe},
   title =     {Distributed Sensor Networks: A Multiagent Perspective},
   publisher = {Kluwer Academic Publishers},
   year =      {2003}, 
   address =   {Boston},
   pages =     {367}
}

% ana set. 2008
@article{Lesser+2004,
 author    = {V. Lesser and K. Decker and T. Wagner and N.
              Carver and A. Garvey and B. Horling and D. Neiman
              and R. Podorozhny and M. NagendraPrasad and A.
              Raja and R. Vincent and P. Xuan and X. Q. Zhang},
 title     = {Evolution of the {GPGP/TAEMS} Domain-Independent Coordination Framework},
 journal   = {Autonomous Agents and Multi-Agent Systems},
 volume    = {9},
 number    = {1},
 publisher = {Kluwer Academic Publishers},
 pages     = {87--143},
 month     = {July},
 year      = {2004},
 url       = {http://mas.cs.umass.edu/paper/268}
}

@book{Leutzbach1988,
   author =    {Leutzbach, W.},
   title =     {Introduction to the Theory of Traffic Flow},
   publisher = {Springer, Berlin},
   year =      {1988}
}

@misc{Levi+1989,
   author = {Levi, P. and A. Huhn and S. Fleischmann and B. Wild},
   title =  {Distributed Planning for Traffic Simulation},
   year =   {1989},
   note =   {Int. Rep., FZI, Univ. of Karlsruhe, Gemany}
}

@inproceedings{Levin&Heuser2009,
  author    = {Felipe Hoppe Levin and
               Carlos A. Heuser},
  title     = {Evaluating the Use of Social Networks in Author Name Disambiguation in Digital Libraries},
  booktitle = {SBBD},
  year      = {2009},
  pages     = {46--60}
}

@incollection{Levy+1992,
   author =    {Levy, R. and J.S. Rosenschein},
   title =     {A Game Theoretic Approach to Distributed Artificial Intelligence and the Pursuit Game},
   booktitle = {Decentralized {AI}},
   publisher = {Elsevier Science Publishers},
   year =      {1992},
   editor =    {Werner, E. and Y. Demazeau},
   volume =    {3},
   pages =     {129--146}
}

@inproceedings{Ley&Reuther2006,
  author    = {Michael Ley and
               Patrick Reuther},
  title     = {Maintaining an Online Bibliographical Database: The Problem
               of Data Quality},
  booktitle = {EGC},
  year      = {2006},
  pages     = {5--10}
}

%denise 03/2009
@BOOK{Leyton-Brown&Shoham2008,
  title =     {Essentials of Game Theory: A Concise Multidisciplinary Introduction},
  publisher = {Morgan and Claypool Publishers},
  year =      {2008},
  author =    {Kevin Leyton-Brown and Yoav Shoham},
  volume =    {2},
  pages =     {88},
  series =    {Synthesis Lectures on Artificial Intelligence and Machine Learning},
  address =   {San Rafael, USA},
  edition =   {1},
  month =     {June},
  doi =       {10.2200/S00108ED1V01Y200802AIM003}
}

%Denise 01/2006
@article{Li&Gan1999,
   author    = {Li, M.~T. and Gan, A.C.},
   title     = {Signal Timing Optimization for Oversaturated Networks Using {TRANSYT-7F}}, 
   journal   = {Transportation Research Record},
   volume    = {1683},
   year      = {1999}, 
   number    = {1},
   publisher = {National Research Council, Washington, D.C.},
   pages     = {118--126}
}

@inproceedings{Li+2002,
   author =    {Li, Li. and Martinoli A. and Abu-Mostafa Y. S.},
   title =     {Emergent Specialization in Swarm Systems},
   booktitle = {Intelligent Data Engineering and Automated Learning - {IDEAL} 2002},
   year =      {2002},
   editor =    {Hujun Yin and Nigel Allinson and Richard Freeman and John Keane and Simon Hubbard},
   pages =     {261--266},
   publisher = {Springer--Verlag},
   address =   {Manchester, UK},
   month =     {Aug, 12--14},
   volume =    {2412},
   url =       {http://citeseer.nj.nec.com/li02emergent.html},
   isbn =      {3-540-44025-9},
   series =    {Lecture Notes in Computer Science}
}

%denise 09/2007
@InProceedings{Li+2006,
   author =    {Lihong Li and Thomas J. Walsh and Michael L. Littman},
   title =     {Towards a Unified Theory of State Abstraction for MDPs},
   booktitle = {Proceedings of the Ninth International Symposium on Artificial Intelligence and 
Mathematics},
   pages =     {531--539},
   year =      {2006}
}

@phdthesis{Li1996,
   author = {Li, S.},
   title =  {{V}erteilte {S}teuerung von kooperativen, autonomen mobilen {R}obotern fr {T}ransportaufgaben},
   school = {Univ. of Karlsruhe, Germany},
   year =   {1996}
}

% ana jan 11
@inproceedings{Li+2009,
  author    = {Chen Li and Yang Zhang and Xue Li},
  title     = {{OcVFDT}: one-class very fast decision tree for one-class
               classification of data streams},
  booktitle = {KDD Workshop on Knowledge Discovery from Sensor Data},
  year      = {2009},
  pages     = {79--86}
}

%mariana junho/2011
@article{Li+2010,
  author = {Li Li and Jianzhen Xu and Deyin Yang and Xiaorong Tan and Hongfei Wang},
  title = {Computational approaches for microRNA studies: a review},
  journal = {Mammalian Genome},
  volume = {21},
  pages = {1--12},
  publisher = {Springer New York},
  year = {2010},
}

%mariana junho/2011
@inproceedings{Liang+1998,
  author = {Shoudan Liang and Stefanie Fuhrman and Roland Somogyi},
  title = {{REVEAL}, {A} {G}enerak {R}everse {E}ngineering {A}lgorithm for {I}nference of {G}enetic {N}etwork {A}rchitectures},
  booktitle= {Proceedings of the Pacific Symposium on Biocomputing},
  pages = {18--29},
  volume = {3},
  year = {1998},
}

% Fabiana, 12/03/2008, adicionado por Fernando
@inproceedings{Lieberman+1999,
   author =    {Henry Lieberman and Neil W. Van Dyke and Adrian S. Vivacqua},
   title =     {Let's Browse: A collaborative Web browsing agent},
   editor =    {Mark T. Maybury},
   booktitle = {International Conference on Intelligent User Interfaces - IUI99},
   pages =     {65--68},
   address =   {New York},
   year =      {1999}
}

%mariana junho/2011
@article{Likas+2003,
  author = {Aristidis Likas and Nikos Vlassisb and Jakob J. Verbeekb},
  title = {The global k-means clustering algorithm},
  journal = {Pattern Recognition},
  volume = {36},
  pages = {451--461},
  year = {2003},
  publisher = {Elsevier},
}

% Ana (por Vinicius) 01/2010
@article{Likhachev+2008,
 author = {Likhachev, Maxim and Ferguson, Dave and Gordon, Geoff and Stentz, Anthony and Thrun, Sebastian},
 title = {Anytime search in dynamic graphs},
 journal = {Artif. Intell.},
 volume = {172},
 number = {14},
 year = {2008},
 issn = {0004-3702},
 pages = {1613--1643},
 doi = {http://dx.doi.org/10.1016/j.artint.2007.11.009},
 publisher = {Elsevier Science Publishers Ltd.},
 address = {Essex, UK}
} 

% Benavides, Fev/2011
@PHDTHESIS{Likhachev2005,
AUTHOR = {Maxim Likhachev},
TITLE = {Search-based Planning for Large Dynamic Environments},
SCHOOL = {Carnegie Mellon University},
YEAR = {2005},
}

% Monireh - 07/2011
% ref. incompleta!
@InProceedings{Lin+2001,
  author =       {Lin, S.Y. and Chen D.K. and  Chen, R.S.},
  title =        {Apply adaptive and cooperative multi-agent system to urban traffic signal control},
}

%mariana ago 2011 (do antigo bioinfo.tex)
@techreport{Lin&Meidanis2002, 
  number = {IC-02-03}, 
  title = {Vis{\~a}o Geral do Sistema de Anota{\c{c}}{\~a}o de Prote{\'\i}nas de Transporte}, 
  author = {Lin Tzy-Li e Jo{\~a}o Meidanis}, 
  month = mar, 
  year = {2002}, 
  institution = {IC-Unicamp}, 
  pages = {22}, 
  language = port} 

@inproceedings{Lin+2007,
  author    = {Raz Lin and
               Sarit Kraus and
               Yuval Shavitt},
  title     = {On the benefits of cheating by self-interested agents in
               vehicular networks},
  booktitle = {Proceedings of the 6th International Joint Conference on Autonomous Agents And Multiagent Systems {(AAMAS 2007)}},
  year      = {2007}, 
  isbn = {978-81-904262-7-5},
 pages = {327--334},
 publisher = {ACM},
 address = {New York, NY, USA},
   editors =   {Michael Huhns and Onn Shehory},
   location =  {Honolulu, Havaii}
}

@incollection{Lind+1999,
   author =    {Lind, J. and K. Fischer},
   title =     {Transportation Scheduling and Simulation in a Railroad Scenario: A Multi-Agent Approach},
   booktitle = {Logistik Management},
   publisher = {Springer, Berlin},
   year =      {1999},
   editor =    {H. Kopfer, C. Bierwirth}
}

%Daniela 05/2007
@PhdThesis{Linden2005,
   author = {Linden, R.},
   title =  {Um Algoritmo H\'ibrido para Extra\c c\~ao de Conhecimento em Bioinform\'atica},
   school = {Universidade Federal do Rio de Janeiro},
   type =   {Doutorado em Ci\^encias em Engenharia El\'etrica},
   year =   {2005}
}

@article{Lindgren+1994,
   author =  {Lindgren, K. and M.G. Nordahl},
   title =   {Evolutionary dynamics of spatial games},
   journal = {Physica D},
   year =    {1994},
   volume =  {75},
   pages =   {292--309}
}

@inproceedings{List&Pond1989,
   author =    {List, G. and J. Pond},
   title =     {A Strategy for Real-Time Control Demand-Sensitive Signal Networks},
   booktitle = {Advanced Air Transportation Technologies ({AATT}) Conference},
   year =      {1989}
}

%Denise 01/2006
@TECHREPORT{Little+1981,
   AUTHOR =      {Little, John D. C. and Kelson, Mark D. and Gartner, Nathan H.},
   TITLE =       {{MAXBAND}: a Versatile Program for Setting Signals on Arteries and Triangular Networks},
   YEAR =        {1981},
   MONTH =       {April},
   INSTITUTION = {Massachusetts Institute of Technology (MIT), Sloan School of Management},
   TYPE =        {Working papers},
   NUMBER =      {1185-81}
}

@inproceedings{Littman1994,
   author =    {Michael L. Littman},
   title =     {{M}arkov Games as a Framework for Multi-Agent Reinforcement Learning},
   booktitle = {Proceedings of the 11th International Conference on Machine Learning, {ML}},
   publisher = {Morgan Kaufmann},
   address =   {New Brunswick, NJ},
   pages =     {157--163},
   year =      {1994}
}

% Ana fev/2010 (por Vinicius)
@inproceedings{Littman1994memoryless,
 author = {Littman, Michael L.},
 title = {Memoryless policies: theoretical limitations and practical results},
 booktitle = {Proceedings of the third international conference on Simulation of adaptive behavior: from animals to animats 3},
 year = {1994},
 isbn = {0-262-53122-4},
 pages = {238--245},
 location = {Brighton, United Kingdom},
 publisher = {MIT Press},
 address = {Cambridge, MA, USA}
 }

% Bruno - 27/04/2007
@inproceedings{Littman+1995,
   author =    {Michael L. Littman and Thomas L. Dean and Leslie Pack Kaelbling},
   title =     {On the complexity of solving {M}arkov decision problems},
   booktitle = {Proceedings of 11th Annual Conference on Uncertainty in Artificial Intelligence, {UAI}},
   address =   {Montreal, Qu\'{e}bec, Canada},
   pages =     {394--402},
   year =      {1995}
}

%denise 12/2009
@inproceedings{Littman2001,
 author = {Michael L. Littman},
 title = {{Friend-or-Foe Q-learning} in General-Sum Games},
 booktitle = {Proceedings of the Eighteenth International Conference on Machine Learning (ICML01)},
 year = {2001},
 pages = {322--328},
 publisher = {Morgan Kaufmann},
 address = {San Francisco, CA, USA}
}

@inproceedings{Liu&Sycara1995,
   author =    {JyiShane Liu and Katia P. Sycara},
   title =     {Exploiting Problem Structure for Distributed Constraint Optimization},
   booktitle = {Proceedings of the First International Conference on Multi-Agent Systems},
   publisher = {MIT Press},
   address =   {San Francisco, CA},
   editor =    {Victor Lesser},
   pages =     {246--254},
   year =      {1995}
}

%ana 09/2006
@Article{Liu+2006,
   author =  {Liu, Ronghui and Van Vliet, Dirck and  Watling, David},
   title =   {Microsimulation Models Incorporating both Demand and Supply Dynamics},
   journal = {Transportation Research Part A: Policy and Practice},
   year =    {2006},
   volume =  {40},
   number =  {2},
   pages =   {125--150},
   month =   {February}   
}

% Monireh - 07/2011
@Article{Liu2007,
  author =       {Liu, Z.},
  title =        {A Survey of Intelligence Methods in Urban Traffic Signal Control},
  journal =      {International Journal of Computer Science and Network Security},
  volume =       7,
  number =       7,
  year =         {2007},
  pages =        {105--112},
}

% Anderson 06/11/2011
@InProceedings{ Lochert+2007,
	title = "The feasibility of information dissemination in vehicular ad-hoc networks",
	author = "C. Lochert and B. Scheuermann and M. Caliskan and M. Mauve",
	booktitle = "Wireless on Demand Network Systems and Services, 2007. WONS'07. Fourth Annual Conference on",
	pages = "92--99",
	organization = "IEEE",
	year = {2007}
}

% Anderson 06/11/2011
@inproceedings{ Lochert+2007vanet,
  title={Probabilistic aggregation for data dissemination in VANETs},
  author={Lochert, C. and Scheuermann, B. and Mauve, M.},
  booktitle={Proceedings of the fourth ACM international workshop on Vehicular ad hoc networks},
  pages={1--8},
  year={2007},
  series = {VANET '07},
  organization={ACM}
}

%ana mar 2011
@Article{Lochert+2008,
  author = 	 {Christian Lochert and Jedrzej Rybicki and Bj{\"o}rn Scheuermann and Martin Mauve},
  title = 	 {Scalable Data Dissemination for Inter-Vehicle-Communication: Aggregation versus Peer-to-Peer},
  journal = 	 {Oldenbourg {IT} -- Information Technology},
  year = 	 {2008},
  OPTkey = 	 {},
  volume = 	 {50},
  number = 	 {4},
  pages = 	 {237--242},
  month = 	 aug,
  OPTnote = 	 {},
  OPTannote = 	 {}
}

%Anderson Rocha set 2011
@inproceedings{Lochert+2008vanet,
 author = {Lochert, Christian and Scheuermann, Bj\"{o}rn and Wewetzer, Christian and Luebke, Andreas and Mauve, Martin},
 title = {Data aggregation and roadside unit placement for a vanet traffic information system},
 booktitle = {Proceedings of the fifth ACM international workshop on VehiculAr Inter-NETworking},
 series = {VANET '08},
 year = {2008},
 isbn = {978-1-60558-191-0},
 location = {San Francisco, California, USA},
 pages = {58--65},
 numpages = {8},
 url = {http://doi.acm.org/10.1145/1410043.1410054},
 doi = {http://doi.acm.org/10.1145/1410043.1410054},
 acmid = {1410054},
 publisher = {ACM},
 address = {New York, NY, USA},
 keywords = {aggregation, genetic algorithms, information dissemination, vanet},
} 

% Anderson 06/11/2011
@Article{ Lochert+2010,
	title = "A probabilistic method for cooperative hierarchical aggregation of data in VANETs",
	author = "C. Lochert and B. Scheuermann and M. Mauve",
	journal = "Ad Hoc Networks",
	volume = "8",
	number = "5",
	pages = "518--530",
	year = "2010",
	publisher = "Elsevier"
}

% Monireh - 07/2011
@Article{Logi&Ritchie2002,
  author =       {Logi, F. and Ritchie, S.G.},
  title =        {A multi-agent architecture for cooperative inter-jurisdictional traffic congestion management},
  journal =      {Transportation Research Part C},
  volume =       10,
  year =         {2002},
  pages =        {507--527},
}

% samuel 09/2009
@inproceedings{Loiacono&Lanzi2008,
   author = {Loiacono, Daniele and Lanzi, Pier Luca},
   title = {Tile Coding Based on Hyperplane Tiles},
   booktitle = {Recent Advances in Reinforcement Learning: 8th European Workshop, EWRL 2008},   
   year = {2008},
   pages = {179--190},
   publisher = {Springer-Verlag},
   address = {Berlin, Heidelberg}
}

% Fabiana - 17/11/05
@article{Lomuscio+2003,
   author =    {A. Lomuscio and M. Wooldridge and N. R. Jennings},
   title =     {A Classification Scheme for Negotiation in Electronic Commerce},
   journal  =  {Artificial Intelligence},
   year =      {2003},
   volume =    {148},
   number =    {1--2},
   pages =     {53--102}
}

@ARTICLE{Lopes+2002,
   AUTHOR =  {Lopes, F. and Mamede, N. and Novais, A.Q. and Coelho, H.},
   TITLE =   {A Negotiation Model for Autonomous Computational Agents: Formal Description and Empirical Evaluation},
   JOURNAL = {Journal of Intelligent and Fuzzy Systems},
   volume =  {12},
   YEAR =    {2002},
   pages =   {195--212}
}

%Daniel 05/09
@INCOLLECTION{Lotzmann2009,
 AUTHOR =       {U. Lotzmann},
 TITLE =        {TRASS: A Multi-Purpose Agent-Based Simulation Framework for Complex Traffic Simulation Applications},
 BOOKTITLE =    {Multi-Agent Systems for Traffic and Transportation Engineering},
 PUBLISHER =    {IGI Global},
 address =      {Hershey, US},
 YEAR =         {2009},
 editor =       {A. L. Bazzan and F. Kl{\"u}gl},
 pages = {79-107},
 isbn = {978-1-60566-226-8}
}

%%denise
@inproceedings{Lowrie1982,
   author =    {Lowrie, P.},
   title =     {The {S}ydney Coordinate Adaptive Traffic System - Principles, Methodology, Algorithms},
   booktitle = {Proceedings of the International Conference on Road Traffic Signalling},
   year =      {1982},
   address =   {Sydney, Australia}
}

%%denise
@techreport{Lowrie1990,
   author =      {Lowrie, P.},
   title =       {{SCATS} - A Traffic Responsive Method of Controlling Urban Traffic},
   institution = {Roads and Traffic Authority, Sydney, Australia},
   year =        {1990}
}

@INPROCEEDINGS{Lubeck+1998,
   AUTHOR =    {L\"ubeck, S. and Roters, L. and Usadel, K. D.},
   TITLE =     {Investigation of the Dynamical Structure Factor of the Nagel-Schreckenberg Traffic Flow Model},
   BOOKTITLE = {Traffic and Granular Flow 97},
   YEAR =      {1998},
   EDITOR =    {D. E. Wolf and M. Schreckenberg},
   PUBLISHER = {Springer},
   ADDRESS =   {Singapore},
   PAGES =     {355}
}

@book{Luce&Raiffa1957,
   author =    {Luce, D. and H. Raiffa},
   title =     {Games and Decision: Introduction and Critical Survey},
   publisher = {J. Wiley \& Sons, New York},
   year =      {1957},
   pages =     {509}
}

%mariana ago 2011 (do antigo bioinfo.tex)
@Article{Lukashin&Borodovsky1998, 
  author = 	 {Lukashin, A. and Borodovsky, M.}, 
  title = 	 {{GeneMark.hmm}: new solutions for gene finding}, 
  journal = 	 {Nucleic Acids Research}, 
  year = 	 {1998}, 
  volume = 	 {26}, 
  number = 	 {4}, 
  pages = 	 { 1107--1115} 
} 

%Daniela 05/2007
@inproceedings{Lumer&Faieta1994,
   author =    {Lumer, E. D. and Faieta, B.},
   title =     {Diversity and adaptation in populations of clustering ants},
   booktitle = {Proceedings of the third international conference on Simulation of adaptive behavior: from animals to animats},
   year =      {1994},
   pages =     {501--508},
   location =  {Brighton, United Kingdom},
   publisher = {MIT Press},
   address =   {Cambridge, MA, USA}
}

% Fabiana - 17/11/05
@article{Luo+2003,
   author =  {Luo, X. and Jennings, N. and Shadbolt, N. and Leung, H.F. and Lee, J.H.M},
   title =   {A Fuzzy Constraint Based Model for Bilateral, Multi-issue Negotiation in Semi-ompetitive Environments},
   journal = {Artificial Intelligence},
   year =    {2003},
   volume =  {148},
   number =  {1-2},
   pages =   {53--102}
}

%Anderson Rocha - set 2011
@TechReport{Luo&Hubaux2004,
   affiliation = {EPFL},
   author      = {Luo, Jun and Hubaux, Jean-Pierre},
   details     = {http://infoscience.epfl.ch/record/52616},
   documenturl = {http://infoscience.epfl.ch/record/52616/files/IC_TECH_REPORT_200424.pdf},
   keywords    = {mobile ad hoc networks; inter-vehicle communication; intelligent transportation system},
   oai-id      = {oai:infoscience.epfl.ch:52616},
   oai-set     = {fulltext-public},
   status      = {PUBLISHED},
   title       = {A Survey of Inter-Vehicle Communication},
   unit        = {LCA},
   year        = 2004
}

%paulo ferreira - maio 2008
@Article{Luo+2006,
 author = {Luo, Xinggang and Wang, Dingwei and Tang, Jiafu and Tu, Yiliu},
 title = {An Improved PSO Algorithm for Resource-Constrained Project Scheduling Problem},
 journal = {Intelligent Control and Automation},
 year = {2006},
 volume = {1},
 number = {1},
 pages = {3514-3518},
 month = {June}
}

%mariana ago 2011 (do antigo bioinfo.tex)
@article{ Lupas+1991, 
 AUTHOR = { Lupas, A. and Van Dyke, M. and Stock, J.}, 
 TITLE = {Coils}, 
 JOURNAL = {Science}, 
 VOLUME = {252}, 
 PAGES = {1162--1164}, 
 YEAR =	{1991} 
} 

%Fernando 12/11/2007
@book{Lynch1996,
   author =    {Nancy A. Lynch},
   title =     {Distributed Algorithms},
   publisher = {Morgan Kaufmann},
   year =      {1996},
   pages =     {872},
   address =   {San Francisco}
}
