%mariana ago 2011 (do antigo bioinfo.tex)
@article{ Macauley+1998, 
 AUTHOR = {  Macauley, J. and Wang, H. and Goodman, N.}, 
 TITLE = {A model system for studying the integration of molecular biology databases}, 
 JOURNAL = {Bioinformatics}, 
 VOLUME = {14}, 
 PAGES = {575--582}, 
 YEAR =	1998 
} 

@INPROCEEDINGS{Machado&Bordini2001,
   AUTHOR =    {Machado, R. and Bordini, R. H.},
   YEAR =      {2001},
   TITLE =     {Running {AgentSpeak(L)} agents on {SIM\_AGENT}},
   EDITOR =    {d'Inverno, M. and Luck, M.},
   BOOKTITLE = {Working Notes of the Fourth UK Workshop on Multi-Agent Systems (UKMAS 2001)},
   MONTH =     {13-14 December},
   PUBLISHER = {St. Catherine's College},
   ADDRESS =   {Oxford}
}

% Fabiana - 26/10/2007
@InProceedings{Macho+2000,
  author = {Macho, S. and Torrens, M. and Faltings, B.},
  title = {A multi-agent recommender system for planning meetings},
  booktitle = {Workshop on Agent-based recommender systems (WARS'2000)},
  year = {2000},
  location = {Barcelona, Spain}
}

% Anderson Rocha 05/12/2011
@article{Maciejewski2010,
  title={A comparison of microscopic traffic flow simulation systems for an urban area},
  author={MACIEJEWSKI, M.},
  journal={Transport},
  volume={5},
  year={2010}
}

%mariana junho/2011
@article{MacLean+2009,
  author = {Daniel MacLean and Jonathan D. G. Jones and David J. Studholme},
  title = {Application of 'next-generation' sequencing technologies to microbial genetics},
  journal = {Nature Reviews Microbiology},
  volume = {7},
  year = {2009},
  pages = {287--296},
  publisher = {Nature Publishing Group,},
}

%denise 09/2007
@inproceedings{MacQueen1967,
  author =    {MacQueen, J. B. },
  booktitle = {Proceedings of the Fifth Berkeley Symposium on Mathemtical Statistics and Probability},
  pages =     {281--297},
  title =     {Some methods of classification and analysis of multivariate observations},
  year =      {1967}
}

@article{Macy&Flache2002,
   author =  {Macy, M. W. and Flache, A.},
   title =   {Learning Dynamics in Social Dilemmas},
   journal = pnas,
   year =    {2002},
   volume =  {99},
   pages =   {7229--7236}
}

%mariana junho/2011
@article{Madigan&York1995,
  author = {D. Madigan and J. York},
  title = {Bayesian graphical models for discrete data},
  journal = {International Statistical Review},
  year = {1995},
  volume = {63},
  pages = {215--232},
  publisher = {International Statistical Institute},
}

% Fabiana - 26/10/2007
@article{Maes1994,
 author = {Pattie Maes},
 title = {Agents that reduce work and information overload},
 journal = {Commun. ACM},
 volume = {37},
 number = {7},
 year = {1994},
 issn = {0001-0782},
 pages = {30--40},
 doi = {http://doi.acm.org/10.1145/176789.176792},
 publisher = {ACM Press},
 address = {New York, NY, USA},
 url = {./papers/p30-maes.pdf}
 }

%mariana ago 2011 (do antigo bioinfo.tex)
@article{ Maes+1996, 
 AUTHOR = {Maes, D. and Verdonck, M. and Deluyker, H. and de Kruif, A.}, 
 TITLE = {{\emph{Enzootic pneumonia}} in pigs}, 
 JOURNAL = {Vet. Quart.}, 
 VOLUME = {18}, 
 PAGES = {104--109}, 
 YEAR =	1996 
} 

@misc{Magnin2001,
   author = {Magnin, L.},
   title =  {{SIEME}: An Interactions Based Simulation Model},
   year =   {2001},
   note =   {Electrotecnical Laboratory, Umezono, Tsukuka, Ibaraki, Japan}
}

@InProceedings{Maheswaran+2004,
   author =    {Maheswaran, R. T. and Tambe, M. and Bowring, E. and Pearce, J. P. and Varakantham, P.},
   title =     {Taking {DCOP} to the Real World: Efficient Complete Solutions for Distributed Multi-Event Scheduling},
   booktitle = {Third International Joint Conference on Autonomous Agents and Multiagent Systems},
   pages =     {310--317},
   year =      {2004},
   volume =    {1},
   month =     {July},
   location =  {New York, USA},
   publisher = {IEEE Computer Society},
   address =   {Washington, DC, USA}
}

@article{Mahmassani&Chen1991,
   author =  {Mahmassani, H. S. and Chen, P. S.},
   title =   {Comparative Assessment of Origin-based and en route Real-time Information under Alternative user Behavior Rules},
   journal = {Transportation Research Record},
   year =    {1991},
   pages =   {69--81},
   volume =  {1306}
}

@article{Mahmassani&Jou2000,
   author =  {Mahmassani, H. and Jou, R. C.},
   title =   {Transferring Insights into Commuter Behavior Dynamics from Laboratory Experiments to Field Surveys},
   journal = {Transpn. Res. A},
   year =    {2000},
   volume =  {34},
   pages =   {243--260}
}

%Daniel 05/09
@INCOLLECTION{Mahr+2009,
 AUTHOR =       {T. Mahr and F. J. Srour and M. de Weerdt and R. Zuidwijk},
 TITLE =        {The Merit of Agents in Freight Transport},
 BOOKTITLE =    {Multi-Agent Systems for Traffic and Transportation Engineering},
 PUBLISHER =    {IGI Global},
 address =      {Hershey, US},
 YEAR =         {2009},
 editor =       {A. L. Bazzan and F. Kl{\"u}gl},
 pages = {323--341},
 isbn = {978-1-60566-226-8}
}

@techreport{Mailath+1993,
   author =      {Mailath, G. and Samuelson, L. and Shaked, A.},
   title =       {Correlated Equilibria as Network Equilibria},
   institution = {University of Bonn},
   year =        {1993},
   type =        {Discussion Paper}
}

%Denise (06/2005)
@inproceedings{Mailler&Lesser2003,
   author    = {Roger Mailler and Victor Lesser},
   title     = {A Mediation Based Protocol for Distributed Constraint Satisfaction},
   booktitle = {Proceedings of the 4th International Workshop on Distributed Constraint Reasoning},
   pages     = {49--58},
   month     = {August},
   year      = {2003},
   address   = {Acapulco, Mexico}
}

% Fabiana - 18/10/2005 - completei location e address 
@INPROCEEDINGS{Mailler+2003,
   AUTHOR =    {Mailler, M. and Lesser, V. and Horling, B.},
   TITLE =     {Cooperative Negotiation for Soft Real-time Distributed Resource Allocation},
   BOOKTITLE = {Proceedings of the Second International Joint Conference on Autonomous Agents and Multiagent Systems},
   YEAR =      {2003},
   editor =    {Jennings, N.R. and Sierra, C. and Sonenberg, L. and Tambe, M.},
   pages =     {576--583},
   address =   {Melbourne, Australia},
   publisher = {ACM Press}
}

@inproceedings{Mailler&Lesser2004,
   author =    {Mailler, R. and Lesser, V.},
   title  =    {Solving Distributed Constraint Optimization Problems Using Cooperative Mediation},
   booktitle = {Proceedings of the International Joint Conference on Autonomous Agents and Multiagent Systems, 3.},
   publisher = {New York, IEEE Computer Society},
   pages =     {438--445},
   address =   {New York},   	
   year =      {2004}
}

@Article{Majumdar+1996,
   author =  {Majumdar, S. N. and Bray, A. J. and Cornell, S. J. and Sire, C.},
   title =   {Global {P}ersistence {E}xponent for {N}onequilibrium {C}ritical {D}ynamics},
   journal = {Phys. Rev. Lett.},
   year =    {1996},
   volume =  {77},
   number =  {18},
   pages =   {3704--3707}
}

%denise 05/2009
@INPROCEEDINGS{Makar+2001,
   author =    {Makar, Rajbala and Mahadevan, Sridhar and Ghavamzadeh, Mohammad},
   title =     {Hierarchical multi-agent reinforcement learning},
   booktitle = {Proceedings of the fifth international conference on Autonomous agents (AGENTS '01)},
   year =      {2001},
   isbn =      {1-58113-326-X},
   pages =     {246--253},
   location =  {Montreal, Quebec, Canada},
   doi =       {http://doi.acm.org/10.1145/375735.376302},
   publisher = {ACM},
   address =   {New York, NY, USA}
}

@article{Malone&Crowston1994,
   author =  {Malone, T. and Crowston, K.},
   title =   {The Interdisciplinary Study of Coordination},
   journal = {ACM Computing Surveys},
   year =    {1994},
   volume =  {26},
   number =  {1},
   pages =   {87--119}
}

% Fabiana - 17/11/05
@InProceedings{Malucelli&Oliveira2004,
   author =    {Malucelli, A. and Oliveira, E},
   title =     {Towards to Similarity Identification to Help in the Agent's Negotiation},
   booktitle = {Anais do Simp\'osio Brasileiro de Intelig\^encia Artificial},
   editor =    {A. Bazzan and Sofiane Labidi},
   year =      {2004},
   pages =     {536--546}
}

%mariana marco 2012
@inproceedings{Mamakou+2005, 
   author =   {Mamakou, M.E. and Sirakoulis, C. and Andreadis, I. and Karafyllidis, I.}, 
   booktitle ={Computer as a Tool, 2005. EUROCON 2005.The International Conference on},
   title =    {Adaptive Reverse Engineering of Gene Regulatory Networks using Genetic Algorithms}, 
   year =     {2005}, 
   month =    {nov.}, 
   volume =   {1}, 
   number =   {}, 
   pages =    {401--404}, 
}

%Daniel 03-09
@article{Mandiau+2008applint,
 author    = {Ren{\'e} Mandiau and Alexis Champion and Jean-Michel Auberlet and St{\'e}phane Espi{\'e} and Christophe Kolski},
 title     = {Behaviour based on decision matrices for a coordination between agents in a urban traffic simulation},
 journal   = {Appl. Intell.},
 volume    = {28},
 number    = {2},
 year      = {2008},
 pages     = {121--138},
 ee        = {http://dx.doi.org/10.1007/s10489-007-0045-3}
}

@inproceedings{Manela&Campbell1993,
   author =    {Manela, M. and Campbell, J. A.},
   title =     {Designing Good Pursuit Problems as Testbeds for Distributed AI: A Novel Application of Genetic Algorithms},
   booktitle = {Proc. of the Fifth {MAAMAW-Modelling} Autonomous Agents in a Multi-Agent World},
   year =      {1993},
   editor =    {Ghedira, K. and Sprumond, F.}
}

%denise 09/2007
@inproceedings{Mannor+2004,
  author =    {Shie Mannor and Ishai Menache and Amit Hoze and Uri Klein},
  title =     {Dynamic abstraction in reinforcement learning via clustering},
  booktitle = {Proceedings of the twenty-first international conference on Machine learning (ICML)},
  year =      {2004},
  pages =     {71--79},
  location =  {Banff, Alberta, Canada},
  publisher = {ACM Press},
  address =   {New York, NY, USA},
}


%Mariana marco 2011
@phdthesis{Marbach2009,
   author = {Marbach, D.},
   title =  {Evolutionary {R}everse {E}ngineering of {G}ene {N}etworks},
   school = {\'Ecole Polytechnique F\'ed\'erale de Laussane},
   year =   {2009}
}

%Mariana fevereiro 2012
@article{Marbach+2009,
	author = {Daniel Marbach and Claudio Mattiussi and Dario Floreano},
	title = {Combining {M}ultiple {R}esults of a {R}everse {E}ngineering {A}lgorithm: {A}pplication to the {DREAM} {F}ive {G}ene {N}etwork {C}hallenge},
	journal = {Ann N Y Acad Sci},
	volume = {1158},
	pages = {102--113},
	year = {2009},
}

%Mariana marco 2012
@article{Marbach+2009b,
   author = {Daniel Marbach and Thomas Schaffter and Claudio Mattiussi and Dario Floreano},
   title = {Generating {R}ealistic {I}n {S}ilico {G}ene {N}etworks for {P}erformance {A}ssessment of {R}everse {E}ngineering {M}ethods},
   journal = {Journal of {C}omputational {B}iology},
   number  = {2},
   volume      = {16},
   pages       = {229--239},
   year = {2009},
}

%Mariana fevereiro 2012
@article{Marbach+2010,
	author = {Daniel Marbach and Robert J. Prill and Thomas Schaffter and Claudio Mattiussi and Dario Floreano and Gustavo Stolovitzky},
	title =  {Revealing strengths and weaknesses of methods for gene network inference},
	journal = {PNAS},
	volume = {107},
	number = {14},
	pages = {6286--6291},
	year = {2010},
}

%Mariana fevereiro 2012
@article{Marbach+2011,
	author = {Daniel Marbach and James C. Costello and Robert K\"uffner and Nicci Vega and Robert J. Prill and Diogo M. Camacho and Kyle R. Allison and the DREAM5 Consortium and Manolis Kellis and James J. Collins and Gustavo Stolovitzky},
	title = {Wisdom of crowds for robust gene network inference},
	note = {Submitted},
	year = {2011},
}


%Fernando, 12/03/2008
@inproceedings{Marcellino+2007,
   author =    {Fernando Moura Marcellino and Nizam Omar and Arnaldo Vieira Moura},
   title =     {The Planning of the Oil Derivatives Transportation by Pipelines as a Distributed Constraint Optimization Problem},
   booktitle = {Proceedings of the Eighth International Workshop on Distributed Constraint Reasoning ({DCR}) - 20th International Joint Conference on Artificial Intelligence 
({IJCAI})},   
   editor =    {Adrian Petcu},
   location =  {Hiderabad, India},
   year =      {2007},
   pages =     {1--15}
}

%Daniel 05-9
@INCOLLECTION{Marchal&Nagel2004,
 AUTHOR =       {F. Marchal and K. Nagel},
 TITLE =        {Computation of Local Choice of Secondary Activities in Transportation Models with Cooperative Agents},
 BOOKTITLE =    {Application of Agent Technology in Traffic and Transportation},
 PUBLISHER =    {Birkh{\"a}user},
 YEAR =         {2004},
 editor =       {F. Kl{\"u}gl and A. L. C. Bazzan and S. Ossowski},
 pages =        {153-164},
}

%mariana junho/2011
@article{Mardis2008,
  author = {Elaine R. Mardis},
  title = {Next-Generation DNA Sequencing Methods},
  journal = {Annual Review of Genomics and Human Genetics},
  volume = {9},
  pages = {387--402},
  publisher = {Annual Reviews},
  year = {2008},
}

%mariana ago 2011 (do antigo bioinfo.tex)
@article{ Mare&Switzer1965, 
 AUTHOR = {Mare, C. J. and Switzer, W. P.}, 
 TITLE = {{\emph{Mycoplasma hyopneumoniae}}, a causative agent of virus pig pneumonia}, 
 JOURNAL = {Vet. Med.}, 
 VOLUME = {60}, 
 PAGES = {841--845}, 
 YEAR =	1965 
} 

%mariana marco/2012
@article{Margolin+2006,
    author	= {Adam Margolin and Katia Nemenmanand Basso and Chris Wiggins and Gustavo Stolovitzky and Riccardo Favera and Andrea Califano},
    title	= {{ARACNE: An algorithm for the reconstruction of gene regulatory networks in a mammalian cellular context}},
    journal	= {BMC Bioinformatics},
    pages	= {S7},
    year	= {2006},
    volume	= {7},
    doi		= {10.1186/1471-2105-7-S1-S7},
    issn	= {1471-2105},
    number	= {Suppl 1}
}

%Fernando, 03/08/2008
@article{Markl&Holldobler1978,
   author =  {Hubert Markl and Bert H\"olldobler},
   title =   {Recruitment and food-retrieving behavior in \emph{Novomessor} (Formicidae, Hymenoptera)},
   journal = {Behavioral Ecology and Sociobiology},
   year =    {1978},
   number =  {2},
   volume =  {4},
   pages =   {183--216}
}

%Fernando 02/06/2008 - GAP
@book{Martello&Toth1990,
   author =    {Silvano Martello and Paolo Toth},
   title =     {Knapsack Problems: Algorithms and Computer Implementations},
   publisher = {John Wiley \& Sons},
   year =      {1990},
   address =   {New York, NY, USA},
   isbn  =     {0-471-92420-2},
   pages =     {308}
}

@book{vonMartial1992,
   author =    {von Martial, F.},
   title =     {Coordinating Plans of Autonomous Agents},
   publisher = {Springer},
   year =      {1992},
   number =    {610}
}

@misc{Martin2001,
   author =       {Martin, P. T.},
   title =        {{SCATS}, An Overview},
   year =         {2001},
   month =        {January},
   note =         {Workshop on Adaptive Signal Control Systems},
   howpublished = {http://signalsystems.tamu.edu}
}

@INPROCEEDINGS{Masutani+2005,
   TITLE =     {Pheromone Model: Application to Traffic Congestion Prediction},
   AUTHOR =    {Osamu Masutani and Hiroshi Sasaki and Hirotoshi Iwasaki and Yasushi Ando and Yoshiaki Fukazawa and Shinichi Honiden},
   BOOKTITLE = {Proceedings of the Forth International Joint Conference on Autonomous Agents and Multiagent Systems (AAMAS'05)},
   EDITOR =    {Frank Dignum and Virginia Dignum and Sven Koenig and Sarit Kraus and Michal Pechoucek and Munindar Singh and Donald Steiner and Simon Thompson and Michael Wooldridge},
   MONTH =     {July},
   YEAR =      {2005},
   ADDRESS =   {Utrecht Netherlands},
   PAGES =     {1171--1172}
}

% Denise 03/2006
@article{Mataric1998,
   author =  {Maja J. Mataric},
   title =   {Using Communication to Reduce Locality in Distributed Multiagent Learning},
   journal = {Journal of Experimental and Theoretical Artificial Intelligence},
   volume =  {10},
   number =  {3},
   year =    {1998},
   pages =   {357--369}
}

%denise 01/2008
@Misc{matsim,
 author =   {{MATSIM www page}},
 title =    {{M}ulti{A}gent {T}ransport {SIM}ulation},
 URL =      {www.matsim.org},
 year =     {accessed 2008}
}

@book{Maturana&Varela1997,
   author =    {Maturana, H. and Varela, J.},
   title =     {De Maquinas Y Seres Vivos},
   publisher = {Editora Universitaria},
   year =      {1997}
}

%mariana junho/2011
@article{Maucher+2011,
  author = {Markus Maucher and Barbara Kracher and Michael K\"uhl and Hans A. Kestler},
  title = {Inferring Boolean network structure via correlation},
  journal = {Bioinformatics},
  volume = {27},
  number = {11},
  pages = {1529--1536},
  publisher = {Oxford University Press},
  year = {2011},
}


%Daniela 06/2007
@article{Maulik&Bandyopadhyay2000,
 author = {Maulik, U. and Bandyopadhyay, S.},
 title = {Genetic algorithm-based clustering technique},
 journal = {Pattern Recognition},
 year = {2000},
 volume = {33},
 pages = {1455--1465}
}

@article{May+1993,
   author =  {May, A. D. and Phiu-Nual, K. and Montgomery, F. O. and Paksarsawan, S. and Van Vuren, T.},
   title =   {Applications of {SATURN} in {B}angkok},
   journal = {Traffic Engineering \& Control},
   year =    {1993},
   volume =  {34},
   number =  {10},
   pages =   {20--27}
}

% Fabiana - 13/dez
@inproceedings{Matos+1998,
   author =    {Matos, N. and Sierra, C. and Jennings, N. R.},
   title =     {Determining Successful Negotiation Strategies: An Evolutionary Approach},
   booktitle = {Proceedings of Third International Conference on Multi-Agent Systems},
   year =      {1998},
   publisher = {IEEE Computer Society},
   address =   {Paris, France},
   pages =     {182--189}
}

% fabiana - 02/06/2008
@article{Mason&Johnson1989,
   author =  {Cindy L. Mason and Rowland R. Johnson},
   title =   {DATMS: A Framework for Distributed Assumption Based Reasoning},
   journal = {Distributed Artificial Intelligence},
   year =    {1989},
   volume =  {2},
   pages =   {293--317}
}

%mariana junho/2011
@article{McAdams&Arkin1999,
  author = {Harley McAdams and Adam Arkin},
  title = {It's a noisy business! Genetic regulation at the nanomolar scale},
  journal = {Trends in Genetics},
  volume = {15},
  pages = {65--69},
  publisher = {Annual Reviews},
  year = {1999},
}

%Daniel 05-09
@INPROCEEDINGS{McBreen+2006,
 AUTHOR =       {J. McBreen and P. Jensen and F. Marchal},
 TITLE =        {An Agent-based Simulation Model of Traffic Congestion},
 BOOKTITLE =    {Proceedings of the 4th Workshop on Agents in Traffic and Transportation},
 YEAR =         {2006},
 address =      {Hakodate},
 editor =       {A. L. C. Bazzan and B. Chaib-Draa and F. Kl{\"u}gl andS. Ossowski},
 pages =        {43-49},
}

% Fabiana, 12/03/2008, adicionado por Fernando
@inproceedings{McCarthy&Anagnost1998,
   author =    {J.F. McCarthy and T.D. Anagnost},
   title =     {Musicfx: an arbiter of group preferences for computer supported collaborative workouts},
   editor =    {Mark T. Maybury},
   booktitle = {Proceedings of the 1998 ACM conference on Computer supported cooperative work - CSCW'98},
   pages =     {363--372},
   address =   {Seattle},
   year =      {1998}
}

% Fabiana - 02/2008
@inproceedings{McNee+2006,
author = {McNee, Sean M. and Riedl, J. and Konstan, J.},
title = {Being accurate is not enough: how accuracy metrics have hurt 
recommender systems},
booktitle = {Conference on Human Factors in Computing Systems},
year = {2006},
address = {Montreal, Canada},
pages = {1097-1101}
}

@article{McSheen&Hale1989,
   author =  {McSheen, J. R. and Hale, R. C.},
   title =   {Traffic Modelling in {K}uwait - Development of a {SATURN} Network Database},
   journal = {Traffic Engineering \& Control},
   year =    {1989},
   volume =  {30},
   number =  {10},
   pages =   {466--473}
}

% Fabiana - 18/10/2005
@InProceedings{McSherry2002,
   author =    {McSherry, D.},
   title =     {Diversity-conscious Retrieval},
   booktitle = {Proceedings of the 6th European Conference on Case Based Reasoning, Advances in Case-Based Reasoning},
   year =      {2002},
   editor =    {S. Craw and A. Preece},
   pages =     {219--233},
   address =   {Aberdeen, Scotland},
   month =     {September},
   series =    {Lecture Notes in Artificial Intelligence},
   publisher = {Springer-Verlag}
}

% ana mai 11
@INPROCEEDINGS{Medina+2010, 
author={Medina, J.C. and Hajbabaie, A. and Benekohal, R.F.}, 
booktitle={Intelligent Transportation Systems (ITSC), 2010 13th International IEEE Conference on}, 
title={Arterial traffic control using reinforcement learning agents and information from adjacent intersections in the state and reward structure}, 
year={2010}, 
month={sept.}, 
pages={525--530}, 
doi={10.1109/ITSC.2010.5624977}, 
ISSN={2153-0009}}

%Daniel 05-09
@INPROCEEDINGS{Meignan+2006,
 AUTHOR =       {D. Meignan and O. Simonin and A. Koukam},
 TITLE =        {Multi Agent Approach for simulation and evaluation of urban bus networks},
 BOOKTITLE =    {Proceedings of the 4th Workshop on Agents in Traffic and Transportation, AAMAS 2006, May, 9th, Hakodate, JP},
 YEAR =         {2006},
 editor =       {A. L. C. Bazzan and B. Chaib-Draa and F. Kl{\"u}gl and S. Ossowski},
 pages =        {50-56},
}

%ana ago 10
@Inproceedings{Meir&Rosenschein2010,
	author = {R. Meir and J. Rosenschein},
	title  ={A Game-theoretic Approach to Leasing Agreements can Reduce Congestion},
	year = {2010},
	pages = {67-76},
	booktitle = {Proceedings of 6th Workshop on Agents in Traffic and Transportation, Toronto, May, 2010}
}

% ana jan 10 (por Vinicius)
@article{Melo&Ribeiro2010,
   author = {Melo, Francisco and Ribeiro, M.},
   journal = {Autonomous Agents and Multi-Agent Systems},
   title = {Coordinated learning in multiagent {MDPs} with infinite state-space},
   year = 2010,
   volume = 21,
   number = 3,
   pages = {321--367}
}

@book{Menasce&Almeida1998,
   author =    {Menasce, D. and Almeida, V.},
   title =     {Capacity Planning for Web Performance},
   publisher = {Prentice-Hall},
   year =      {1998}
}

%mariana junho/2011
@inproceedings{Mendoza&Werhli2010,
  author = {Mariana Recamonde Mendoza and Adriano Velasque Werhli},
  title = {Inferring Genetic Regulatory Networks with an Hierarchical Bayesian Model and a Parallel Sampling Algorithm},
  booktitle = {Proceedings of the 2010 Eleventh Brazilian Symposium on Neural Networks},
  year = {2010},
  pages = {91--96},
  publisher = {IEEE Computer Society},
}

%denise 10/2009
@INPROCEEDINGS{Merke&Riedmiller2001,
  author = {Artur Merke and Martin A. Riedmiller},
  title = {Karlsruhe Brainstormers - A Reinforcement Learning Approach to Robotic Soccer},
  booktitle = {Proceedings of the fifht Robot Soccer World Cup (RoboCup 2001)},
  year = {2001},
  editor = {Andreas Birk and Silvia Coradeschi and Satoshi Tadokoro},
  volume = {2377},
  series = {Lecture Notes in Computer Science},
  pages = {435-440},
  publisher = {Berlin: Springer}
}

%paulo ferreira nov 2005
@article{Merkle+2002,
   AUTHOR =  {Daniel Merkle and Martin Middendorf and Hartmut Schmeck},
   TITLE =   {Ant Colony Optimization for Resource-Constrained Project Scheduling},
   JOURNAL = {IEEE Transactions on Evolutionary Computation},
   YEAR =    {2002},
   volume =  {6},
   number =  {4},
   pages =   {333-146}
}

% ana fev 2012
@article{Merkle&Middendorf2004,
 author = {Merkle, Daniel and Middendorf, Martin},
 title = {Dynamic Polyethism and Competition for Tasks in Threshold Reinforcement Models of Social Insects},
 journal = {Adaptive Behavior},
 volume = {12},
 issue = {3-4},
 month = {September},
 year = {2004},
 issn = {1059-7123},
 pages = {251--262},
 numpages = {12},
 doi = {10.1177/105971230401200310},
 publisher = {Sage Publications, Inc.},
 address = {Thousand Oaks, CA, USA},
}

%mariana junho/2011
@article{Metropolis+1953,
  author = {N. Metropolis and A. W. Rosenbluth and M. N. Rosenbluth and A. H. Teller and E. Teller},
  title = {Equation of state calculations by fast computing machines},
  journal = {Journal of Chemical Physics},
  volume = {21},
  pages = {1087--1092},
  year = {1953},
  publisher = {American Institute of Physics},
}

%Daniel 08/09
@article{Meyer+2009,
   author = {Meyer, Bertrand and Choppy, Christine and Staunstrup, J{\o}rgen and Leeuwen, Jan},
   journal = {Communications of the ACM},
   number = {4},
   pages = {31--34},
   title = {Research Evaluation for Computer Science},
   volume = {52},
   year = {2009}
}


%mariana 03/12
@inproceedings{Meyer+2010,
  author    = {Patrick Meyer and
               Daniel Marbach and
               Sushmita Roy and
               Manolis Kellis},
  title     = {Information-Theoretic Inference of Gene Networks Using Backward
               Elimination},
  booktitle = {BIOCOMP},
  year      = {2010},
  pages     = {700-705},
}

%denise 05/2008
@ARTICLE{Midenet+2004,
   author =  {Sophie Midenet and Florence Boillot and Jean-Claude Pierrelee},
   title =   {Signalized intersection with real-time adaptive control: on-field assessment of {CO}2 and pollutant emission reduction},
   journal = {Transportation Research Part D: Transport and Environment},
   year =    {2004},
   volume =  {9},
   pages =   {29--47},
   number =  {1},
   month =   {January}
}

@article{Milgram1967,
   author =   {Milgram, S.},
   title =    {The Small World Problem},
   journal =  {Psychol. Today},
   year =     {1967},
   volume =   {2},
   optpages = {60--67}
}

% Fabiana - 17/11/05
@InProceedings{Miller+2003,
  author =    {Bradley Miller and Istvan Albert and Shyong Lam and Joseph Konstan and John Riedl},
  title =     {MovieLens Unplugged: Experiences with an Occasionally Connected Recommender System},
  booktitle = {Proceedings of ACM 2003 International Conference on Intelligent User Interfaces (IUI'03)},
  year =      {2003},
  publisher = {ACM Press},
  address =   {Chapel Hill, North Carolina}
}

%Daniel 05/09
@ARTICLE{Miller+2005,
 AUTHOR =       {E. J. Miller and M. J. Roodra and J. A. Carrasco},
 TITLE =        {A tour-based model of travel mode choice},
 JOURNAL =      {Transportation},
 YEAR =         {2005},
 volume =       {32},
 pages =        {399-422},
}

%Paulo Becker, 31/08/05
@article{Milne1987,
   author =  {Milne, R.},
   title =   {Strategies for Diagnosis},
   journal = {IEEE Transactions on Systems, Man and Cybernetics},
   year =    {1987},
   volume =  {SMC-17},
   number =  {3},
   pages =   {333--339},
   month =   {May}
}

%mariana junho/2011
@article{Milone+2010,
  author = {Diego H. Milone and Georgina S. Stegmayer and Laura Kamenetzky and Mariana L\'opez and Je Min Lee and James J. Giovannoni and Fernando Carrari},
  title = {*omeSOM: a software for clustering and visualization of transcriptional and metabolite data mined from interspecific crosses of crop plants},
  journal = {BMC Bioinformatics},
  year = {2010},
  publisher = {BioMed Central Ltd.},
  volume = {11},
  article = {438},
}

%mariana junho/2011
@incollection{Milone+2011,
  author = {Diego Milone and Georgina Stegmayer and Mat\'ias Gerard and Laura Kamenetzky and Mariana L\'opez and Fernando Carrari},
  title = {Analysis and Integration of Biological Data: A Data Mining Approach using Neural Networks},
  booktitle = {Knowledge Discovery Practices and Emerging Applications of Data Mining: Trends and New Domains},
  pages = {287--314},
  year = {2011},
  publisher = {{IGI} Global},
 }

%Denise 02/2006
@article{Mirchandani&Wang2005,
   author =    {Pitu Mirchandani and Fei-Yue Wang},
   title =     {{RHODES} to Intelligent Transportation Systems},
   journal =   {IEEE Intelligent Systems},
   volume =    {20},
   number =    {1},
   year =      {2005},
   issn =      {1094-7167},
   pages =     {10--15},
   publisher = {IEEE Educational Activities Department},
   address =   {Piscataway, NJ, USA}
}

%Daniel 05-09
@INPROCEEDINGS{Miska+2006,
 AUTHOR =       {M. Miska and T. H. Muller and H. J. van Zuylen},
 TITLE =        {An Agent Framework for Online Simulation},
 BOOKTITLE =    {Proceedings of the 4th Workshop on Agents in Traffic and Transportation, AAMAS 2006, May, 9th, Hakodate, JP},
 YEAR =         {2006},
 editor =       {A. L. C. Bazzan and B. Chaib-Draa and F. Kl{\"u}gl and S. Ossowski},
 pages =        {57-62},
}

% ana jul 10 (por Vinicius)
@Book{Mitchell+2010,
 author =      {William J. Mitchell and Christopher E. Borroni-Bird and Lawrence D. Burns},
 title =      {Reinventing the Automobile},
 publisher =      {MIT Press},
 year =      {2010},
 address =      {Cambridge, MA},
 OPTedition =      {}
}

%mariana ago 2011 (do antigo bioinfo.tex)
@article{ Miyazaki+2004,
 author = {Miyazaki, S. and Sugawara, H. and Ikeo, K. and Gojotori, T. and Tateno, Y.},
 title = {{DDBJ} in the stream of various biological data.},
 journal = {Nucleic Acids Research},
 volume = {32},
 pages = {D31-D34},
 year = {2004}
}


%mariana fevereiro 2012
@article{modENCODEConsortium+2010,
	author =    {modENCODE Consortium and Roy and Ernst and Kharchenko and Kheradpour and, Negr\'e and Eaton and Landolin and Bristow and Ma and Lin and Washietl and Arshinoff and Ay and Meyer and Robine and Washington and Di Stefano and Berezikov and Brown and Candeias and Carlson and Carr and Jungreis and Marbach and Sealfon and Tolstorukov and Will and Alekseyenko and Artieri and Booth and Brooks and Dai and Davis and Duff and Feng and Gorchakov and Gu and Henikoff and Kapranov and Li and MacAlpine and Malone and Minoda and Nordman and Okamura and Perry and Powell and Riddle and Sakai and Samsonova and Sandler and Schwartz and Sher and Spokony and Sturgill and van Baren and Wan and Yang and Yu and Feingold and Good and Guyer and Lowdon and Ahmad and Andrews and  Berger and Brenner and Brent and Cherbas and Elgin and Gingeras and Grossman and Hoskins and Kaufman and Kent and Kuroda and Orr-Weaver and Perrimon and Pirrotta and Posakony and Ren and Russell and Cherbas and Graveley and Lewis and Micklem and Oliver and Park and Celniker and Henikoff and Karpen and  Lai and MacAlpineand  Steinand  White and  Kellis},
	title =     {Identification of functional elements and regulatory circuits by Drosophila {modENCODE}},
	journal =   {Science},
	volume =    {330},
	number =    {6012},
	year =      {2010},
	pages =     {1787--1797},
}

%Fernando 08/11/2007
@phdthesis{Modi2003,
   author =  {Pragnesh Jay Modi},
   title =   {Distributed Constraint Optimization for Multiagent Systems},
   school =  {Department of Computer Science, University of Southern California},
   year	 =   {2003},
   address = {Los Angeles, California}
}

@InProceedings{Modi+2003,
   author =    {Pragnesh Jay Modi and Wei-Min Shen and Milind Tambe and Makoto Yokoo},
   title =     {An Asynchronous Complete Method for Distributed Constraint Optimization},
   booktitle = {Proc. of the Second International Joint Conference on Autonomous Agents and Multiagent Systems},
   year =      {2003},
   pages =     {161--168},
   location =  {Melbourne, Australia},
   publisher = {ACM Press},
   address =   {New York, USA}
}

@article{Modi+2005,
   author =  {Modi, P. J. and Shen, W. and Tambe, M. and Yokoo, M.},
   title =   {{ADOPT}: Asynchronous Distributed Constraint Optimization with Quality Guarantees},
   journal = {Artificial Intelligence},
   year =    {2005},
   volume =  {161},
   pages =   {149--180},
   month =   {January}
}

% ana maio 08
@InProceedings{Moehring+2006,
author = {Rolf H. M\"ohring and Klaus N\"okel and Gregor W\"unsch},
title = {A Model and Fast Optimization Method For Signal Coordination in a Network},
booktitle = {Proc. of the 11th IFAC Symposium on Control in Transportation Systems},
OPTpages = {},
year = {2006},
address = {Delft, The Netherlands},
month = {August}
}

%mariana ago 2011 (do antigo bioinfo.tex)
@Article{Moeller+1999, 
  author = 	 {Steffen M\"oller and U. Leser and W. Fleischmann and R. Apweiler}, 
  title = 	 {{EDITtoTrEMBL}: A distributed approach to high--quality automated protein sequence annotation}, 
  journal = 	 {Bioinformatics}, 
  year = 	 {1999}, 
  volume = 	 {15}, 
  Tnumber = 	 {3}, 
  pages = 	 {219--227} 
} 
 
%mariana ago 2011 (do antigo bioinfo.tex)
@Article{Moeller&Schroeder2001, 
  author = 	 {Steffen M\"oller and Michael Schroeder}, 
  title = 	 {Consistent Integration of non-reliable heterogeneous information resources applied to the annotation of transmembrane proteins}, 
  journal = 	 {Journal of Computing and Chemistry}, 
  year = 	 {2001} 
} 


%Daniela 05/2007
@techreport{Monmarche+1999,
   author =      {Monmarch\'e, N. and Slimane, M. and Venturini, G.},
   title =       {AntClass: Discovery of Clusters in Numeric Data by an Hybridization of an Ant Colony with the K-means Algorithm},
   institution = {Laboratoire d'Informatique de l'Universit\'e de Tours},
   year =        {1999},
   type =        {Rapport interne},
   address =     {E3i Tours},
   number =      {213}
}

% fabiana - 02/06/2008
@article{Montaner+2003,
author    = {Miquel Montaner and Beatriz L{\'o}pez and Josep Llu\'{\i}s de la Rosa},
title     = {A Taxonomy of Recommender Agents on the Internet.},
journal   = {Artificial Intelligence Review},
volume    = {19},
number    = {4},
year      = {2003},
pages     = {285--330}
}

@inproceedings{Montroll&West1979,
   author =    {Montroll, E. W. and West, B. J.},
   title =     {On an Enriched Collection of Stochastic Process},
   publisher = {Elsevier Science},
   year =      {1979},
   booktitle = {Fluctuation Phenomena}
}

%% Bruno - 25/09/06 - revisado 02/05/2007
@article{Moore&Atkeson1993,
   author =  {Andrew W. Moore and Christopher G. Atkeson},
   title =   {Prioritized Sweeping: Reinforcement Learning With Less Data and Less Time},
   journal = {Machine Learning},
   volume =  {13},
   pages =   {103-130},
   year =    {1993}
}

@inproceedings{Mor+1995,
   author =    {Mor, Y. and Goldman, C. V. and Rosenschein, J. S.},
   title =     {Learn your Opponent's Strategy (in Polynomial Time)!},
   booktitle = {Proc. of the Int. Joint Conf. on Art. Intelligence},
   year =      {1995}
}

@inproceedings{Mora+1998,
   author =    {Mora, M. C. and Lopes, J. G. and Viccari, R. M. and Coelho, H.},
   title =     {{BDI} Models and Systems: Reducing the Gap.},
   booktitle = {Proc. of the Workshop on Agent Theories, Architectures, and Languages (ATAL'98)},
   year =      {1998},
   pages =     {153--167},
   address =   {Paris},
   month =     {July 4--7}
}

%ana fev 2007
@InProceedings{Morais+2004,
   author =    {Lincoln Luiz de Morais and Alberto Egon Shaefer Filho and Cl\'audio Fernando Resin Geyer},
   title =     {{CONTRAM}: Middleware para Interoperabilidade de Redes Heterog\^eneas de Controladores Semaf\'oricos em Sistemas de Transporte Inteligentes},
   booktitle = {Anais da Trig\'esima Confer\^encia Latino-Americana de Inform\'atica (CLEI)},
   YEAR =      {2004},
   editor =    {Mauricio Solar and David Fern\'andez-Baca and Ernesto Cuadros-Vargas},
   pages =     {566--575},
   month =     {Sep},
   organization = {Sociedad Peruana de Computaci\'on},
   note =      {ISBN 9972-9876-2-0},
   file =      {http://clei2004.spc.org.pe/es/html/pdfs/171.pdf}
}

@inproceedings{Moreno+1990,
   author =    {Moreno, S. and Toledo, F. and Rosich, F. and Martin, G.},
   title =     {Qualitative Simulation for Temporal Reasoning in Urban Traffic Control},
   booktitle = {Proc. of the Tenth Int. Workshop on Expert Systems and their Applications},
   year =      {1990},
   pages =     {97--111},
   address =   {Avignon}
}

@article{Morgan&Little1964,
   author =  {Morgan, J. T. and Little, J. D. C.},
   title =   {Synchronizing Traffic Signals for Maximal Bandwidth},
   journal = {Operations Research},
   year =    {1964},
   volume =  {12},
   pages =   {897--912}
}

@ARTICLE{Moriarty&Langley1998aaai,
   AUTHOR =    {Moriarty, D. and Langley, P.},
   YEAR =      {1998},
   TITLE =     {Learning Cooperative Lane Selection Strategies for Highways},
   BOOKTITLE = {Proceedings of the Fifteenth National Conference on Artificial Intelligence},
   PAGES =     {684--691},
   ADDRESS =   {Madison, WI},
   PUBLISHER = {AAAI Press}
}

@ARTICLE{Moriarty&Langley1998report,
   AUTHOR =    {Moriarty, D. and Langley, P.},
   YEAR =      {1998},
   TITLE =     {Distributed Learning of Lane-selection Strategies for Traffic Management},
   BOOKTITLE = {Technical Report 98-2},
   PUBLISHER = {Daimler-Benz Research \& Technology Center},
   ADDRESS =   {Palo Alto, CA}
}

@phdthesis{Mozes1993,
   author = {Mozes, E.},
   title =  {{CPL}: A Tool for Planning With Multiple Considerations},
   school = {Stanford University},
   year =   {1993}
}

%Mariana 02/2011
@inproceedings{Mui+2003,
   author =    {Mui, L. and Halberstadt, A. and Mohtashemi, M.},
   title =     {Evaluating reputation in multi-agents systems.},
   booktitle = {Trust, Reputation and Security: Theories and Practice},
   series = {Lecture Notes in Computer Science},
   year =      {2003},
   number =    {2631},
   pages =     {183--194},
   publisher = {Springer Berlin / Heidelberg},
}

%mariana ago 2011 (do antigo bioinfo.tex)
@article{Mulder+2003,
  author = {Mulder, N. and others},
  title = {The Interpro Database, 2003 brings increased coverage and new features},
  journal = {Nucleic Acids Research},
  volume = {31},
  pages = {315--318},
  year = {2003}
}

@inproceedings{Mullen&Wellman1996,
   author =    {Mullen, T. and Wellman, M. P.},
   title =     {Some Issues in the Design of Market-Oriented Agents.},
   booktitle = {Proc. of the ATAL},
   year =      {1996},
   number =    {1037},
   series =    {LNAI}
}

%Denise 05/2008
@article{Murat&Gedizlioglu2005,
   author =  {Y. Sazi Murat and Ergun Gedizlioglu},
   title =   {A fuzzy logic multi-phased signal control model for isolated junctions},
   journal = {Transportation Research Part C: Emerging Technologies},
   year =    {2005},
   volume =  {13},
   pages =   {19--36},
   number =  {1},
   month =   {February}
}

%Denise 10/2005
@TechReport{Murphy2000,
   author =      {K. Murphy},
   title =       {A Survey of {POMDP} Solution Techniques},
   institution = {Univeristy of California at Berkeley},
   year =        {2000},
   type =        {Tecnical Report},
}

%paulo ferreira maio 2008
@inproceedings{Musliner+2006,
   month     = "March",
   author    = "David J. Musliner and Edmund H. Durfee and Jianhui Wu and Dmitri A. Dolgov and Robert P. Goldman and Mark S. Boddy",
   booktitle = "Proceedings of the {AAAI} Spring Symposium on Distributed Plan and Schedule Management",
   title     = "Coordinated Plan Management Using Multiagent {MDP}s",
   year      = "2006"
}

% ana jan. 07
@Article{Muto+1989,
   author =    {S. Muto and J. Potters and S. Tijs},
   title =     {Information Market Games},
   journal =   {Int. J. Game Theory},
   volume =    {18},
   number =    {2},
   year =      {1989},
   issn =      {0020--7276},
   pages =     {209--226},
   publisher = {Physica-Verlag GmbH},
   address =   {Heidelberg, Germany, Germany},
}

% boffo 29/12/2006
@incollection{Nair+2002,
   author =    {Ranjit Nair and Takayuki Ito and Milind Tambe and Stacy Marsella},
   title =     {Task Allocation in the Rescue Simulation Domain: A Short Note},
   booktitle = {RoboCup 2001: Robot Soccer World Cup {V}},
   year =      {2002},
   volume =    {2377},
   pages =     {751--754},
   editor =    {A. Birk and S. Coradeschi},
   series =    {Lecture Notes in Computer Science},
   address =   {Berlin},
   publisher = {Springer-Verlag}
}

% boffo 29/12/2006
@incollection{Nair+2003robocup,
   author =    {Ranjit Nair and Milind Tambe and Stacy Marsella},
   title =     {Team Formation for Reformation in Multiagent Domains like RoboCupRescue},
   booktitle = {RoboCup 2002: Robot Soccer World Cup {VI}},
   year =      {2003},
   volume =    {2752},
   pages =     {150--161},
   editor =    {G. Kaminka and P. Lima and R. Roja},
   series =    {Lecture Notes in Computer Science},
   address =   {Berlin},
   publisher = {Springer-Verlag}
} 

%Denise 02/2006
@inproceedings{Nair+2003,
  author =    {Ranjit Nair and Milind Tambe and Makoto Yokoo and David V. Pynadath and Stacy Marsella},
  title =     {Taming Decentralized {POMDPs}: Towards Efficient Policy Computation for Multiagent Settings},
  booktitle = {Proceedings of the Eighteenth International Joint   Conference on Artificial Intelligence (IJCAI-03)},
  address =   {Acapulco, Mexico},
  month =     {August 9--15},
  publisher = {Morgan Kaufmann},
  year =      {2003},
  pages =     {705--711}
}

%Denise 02/2006
@PhdThesis{Nair2004,
   author = {Ranjit Nair},
   title =  {Coordinating Multiagent Teams in Uncertain Domains using Distributed {POMDPs}},
   school = {University of Southern California},
   year =   {2004}
}


@InProceedings{Nair+2004,
   author =    {Nair, R. and Roth, M. and Yokoo, M. and Tambe, M.},
   title =     {Communication for Improving Policy Computation in Distributed {POMDPs}},
   booktitle = {Proceedings of Third International Joint Conference on Autonomous Agents and Multi Agent System (AAMAS)},
   year =      {2004},
   address =   {New York, USA}
}

%Denise 02/2006
@inproceedings{Nair+2005,
  author =    {Ranjit Nair and Pradeep Varakantham and Milind Tambe and Makoto Yokoo},
  title =     {Networked Distributed {POMDPs}: A Synthesis of Distributed Constraint Optimization and {POMDPs}},
  booktitle = {Proceedings, The Twentieth National Conference on Artificial Intelligence and the Seventeenth Innovative Applications of Artificial Intelligence Conference (AAAI)},
  year =      {2005},
  publisher = {AAAI Press AAAI Press / The MIT Press},
  pages =     {133-139}
}

%Denise 05/2007
@ARTICLE{Nair&Tambe2005,
   author =  {Ranjit Nair and Milind Tambe},
   title =   {Hybrid {{BDI-POMDP}} Framework for Multiagent Teaming},
   journal = {Journal of Artificial Intelligence Research},
   year	=    {2005},
   volume =  {23},
   pages =   {367--420}
}

@ARTICLE{Nagatani+1995,
   AUTHOR =  {Nagatani, T.},
   TITLE =   {Self-organized Criticality in {1D} Traffic Flow Model with Inflow or Outflow},
   JOURNAL = {J. Phys. A},
   VOLUME =  {38},
   YEAR =    {1995},
   PAGES =   {119--124}
}

@article{Nagel&Schreckenberg1992,
   author =  {Nagel, K. and Schreckenberg, M.},
   title =   {A Cellular Automaton Model for Freeway Traffic},
   journal = {Journal de Physique I},
   year =    {1992},
   volume =  {2},
   pages =   {2221}
}

%denise 10.06 (alterado de proceedings para article)
@article{Nagel1996,
   AUTHOR  =   {Nagel, K.},
   TITLE =     {Individual Adaptation in a Path-based Simulation of the Freeway Network of Northrhine-Westfalia},
   JOURNAL =   {International Journal of Modern Physics C},
   YEAR =      {1996},
   PUBLISHER = {World Scientific}
}

%ana set 2006
@Article{Nagel&Barret1997,
   author =  {Kai Nagel and C. L. Barret},
   title =   {Using Microsimulation Feed Back for Trip Adaptation for Realistic Traffic in Dallas},
   journal = {International J. of Modern Physics C},
   year =    {1997},
   volume =  {8},
   number =  {3},
   pages =   {505--526}
}

@article{Nagel+1998,
   author =  {Nagel, K. and Wolf, D. E. and Wagner, P. and Simon, P.},
   title =   {Two-lane Traffic Rules for Cellular Automata: A Systematic Approach},
   journal = {Phys. Rev. E},
   year =    {1998},
   volume =  {58},
   pages =   {1425}
}

@article{Nagel+2000,
   author =  {Nagel, K. and Esser, J. and Rickert, M.},
   title =   {Large-scale Traffic Simulations for Transport Planning},
   journal = {Ann. Rev. Of Comp. Phys.},
   year =    {2000},
   pages =   {151--202}
}

@inproceedings{NagendraPrasad+1996,
   author =    {Nagendra-Prasad, M. V. and Lesser, V. R. and Lander, S. E.},
   title =     {Learning Organizational Roles in a Heterogeneous Multi-agent System.},
   booktitle = {Proc. of the Second International Conference on Multi-Agent Systems (ICMAS-96)},
   year =      {1996}
}

%daniel 05/09
@INPROCEEDINGS{Nakama+2006,
 AUTHOR =       {Y. Nakama and S Yoshimura and H. Fujii},
 TITLE =        {A Multi-Agent Traffic and Environmental Simulator and its Application to the analysis of traffic congestion in Kashiwa City},
 BOOKTITLE =    {Computation Methods - Proc. of the first Int. Conf. on Computational Methods, Dec. 15-17, 2004, Singapore},
 YEAR =         {2006},
 editor =       {G. R. Liu and V. B. C. Tan and X. Han},
 pages =        {1925-1930},
 publisher =    {Springer},
}

%robert 18-11-05
@inproceedings{Nakamiti&Gomide1996,
   author =    {Nakamiti, G. and Gomide, F.},
   title =     {Fuzzy Sets in Distributed Traffic Control},
   booktitle = {Proceedings of the Fifth IEEE International Conference on Fuzzy Systems},
   year =      {1996},
   pages =     {1617--1623}
}

%Mariana mar 2011
@incollection{Nam+2006,
   author =    {Nam, D. and Seo, S. and Kim, S.},
   title =     {An efficient top-down search algorithm for learning Boolean networks of gene expression},
   booktitle = {Machine Learning},
   publisher = {Springer Science},
   year =    {2006},
   volume = {65},
   pages =   {229--245}
}

% ana mai 11
@inproceedings{Nannicini+2008,
author = {Giacomo Nannicini and Daniel Delling and Leo Liberti and Dominik Schultes},
title = {Bidirectional {A}* Search for Time-Dependent Fast Paths},
booktitle = {7th International  Workshop on Experimental and Efficient Algorithms},
year = {2008},
pages = {334--346},
doi = {10.1007/978-3-540-68552-4_25},
editor = {McGeoch, Catherine C.},
note = {Lecture Notes in Computer Science, C.McGeoch (Editor), Vol. 5038, Springer, New York}
}

@incollection{Narayanan+2004,
   author =   {Narayanan, A. and Keedwell, E. C. and Gamalielsson, J. and Tatineni, S. },
   title =     {Single-layer artificial neural networks for gene expression analysis},
   booktitle = {Neurocomputing},
   publisher = {Elsevier},
   year =    {2004},
   volume = {61},
   pages =   {217--240}
}

%ana jan 07 - revisado bruno 02/05/2007
@Book{Narendra&Thathachar1989,
   author =    {Kumpati S. Narendra and Mandayam A. L. Thathachar},
   title =     {Learning Automata: An Introduction},
   year =      {1989},
   isbn =      {0-13-485558-2},
   publisher = {Prentice-Hall},
   address =   {Upper Saddle River, NJ, USA},
}

%mariana junho/2011
@inproceedings{Nariai+2004,
  author = {N. Nariai and S. Kim and S. Imoto and S. Miyano},
  title = {Using protein-protein interactions for refining gene networks estimated from microarray data by {B}ayesian networks},
  booktitle = {Proceedings of the Pacific Symposium on Biocomputing (PSB 2004) },
  year = {2004},
  pages = {336--347},
}
 
@article{Nash1950,
   author =  {Nash, J. F.},
   title =   {The Bargaining Problem},
   journal = {Econometrica},
   year =    {1950},
   volume =  {2},
   number =  {18},
   pages =   {155--162}
}

@inproceedings{Nash1950pnas,
   author =    {Nash, J. F.},
   title =     {Equilibrium Points in {n-}Person Games},
   booktitle = {Proc. Nat. Academy of Sciences},
   year =      {1950},
   pages =     {48--49},
   volume =    {36},
   optnumber = {1}
}

% ana jan 12
@PhdThesis{Nash1950phd,
  author =     {John Nash},
  title =     {Non-Cooperative Games},
  school =     {Priceton University},
  year =     1950,
}

@article{Nash1951,
   author =  {Nash, J. F.},
   title =   {Non-Cooperative Games},
   journal = {Annals of Mathematics},
   year =    {1951},
   volume =  {2},
   number =  {54},
   pages =   {286--295}
}

@article{Nash1953,
   author =  {Nash, J. F.},
   title =   {Two-Person Cooperative Games},
   journal = {Econometrica},
   year =    {1953},
   volume =  {21},
   pages =   {128--140}
}

@book{vonNeumann&Morgenstern1944,
   author =    {von Neumann, J. and Morgenstern, O.},
   title =     {Theory of Games and Economic Behavior},
   publisher = {Princeton Univ. Pr.},
   year =      {1944}
}

@manual{Netsim1986,
   title =        {{NETSIM} - Network Traffic Simulation. User's Manual},
   organization = {Federal Highway Administration},
   address =      {Washington, DC},
   year =         {1986}
}

@book{Newell&Simon1972,
   author =    {Newell, A. and Simon, H. A.},
   title =     {Human Problem Solving},
   publisher = {Prentice-Hall},
   year =      {1972},
   address =   {Englewood Cliffs}
}

@article{Newell1982,
   author =  {Newell, A.},
   title =   {The Knowledge Level.},
   journal = {Artificial Intelligence},
   year =    {1982},
   volume =  {18},
   pages =   {87--127}
}

% Ana (por Vinicius) 16/06/2010
@ARTICLE{Newman2001i,
   author = {M. E. J. Newman},
   title = {Scientific collaboration networks. {I}. Network construction and fundamental results},
   journal = {Phys. Rev. E},
   year = {2001},
   volume = {64},
   pages = {2001}
}

% Ana (por Vinicius) 16/06/2010
@ARTICLE{Newman2001ii,
   author = {M. E. J. Newman},
   title = {Scientific collaboration networks. {II}. Shortest paths, weighted networks, and centrality},
   journal = {Phys. Rev. E},
   year = {2001},
   volume = {64},
   pages = {2001}
}

@ARTICLE{Newman2003,
    author = {M. E. J. Newman},
    title = {The structure and function of complex networks},
    journal = {SIAM Review},
    year = {2003},
    volume = {45},
    pages = {167--256}
}

% ana jan 2010 (por Vinicius)
@inproceedings{Nicolau&Schoenauer2008,
   title = { {E}volving {S}cale-{F}ree {T}opologies using a {G}ene
{R}egulatory {N}etwork {M}odel},
   author = {{N}icolau, {M}iguel and {S}choenauer, {M}arc},
   booktitle = {{IEEE} {C}ongress on {E}volutionary {C}omputation },
   pages = {3748--3755 },
   address = {{H}ong-{K}ong {C}hina },
   year = {2008}
}

% ana jan 2010 (por Vinicius)
@inproceedings{Nicolau&Schoenauer2009,
 author = {Nicolau, Miguel and Schoenauer, Marc},
 title = {Evolving specific network statistical properties using a gene
regulatory network model},
 booktitle = {Proceedings of the 11th Annual conference on Genetic and
evolutionary computation {(GECCO)}},
 year = {2009},
 isbn = {978-1-60558-325-9},
 pages = {723--730},
 location = {Montreal, Qu\'{e}bec, Canada},
 doi = {http://doi.acm.org/10.1145/1569901.1570001},
 publisher = {ACM},
 address = {New York, NY, USA}
}

@incollection{Nii+1989,
   author =    {Nii, H. P. and Aiello, N. and Rice, J.},
   title =     {Experiments on {Cage} and {Poligon}: Measuring the Performance of Parallel Blackboard Systems},
   booktitle = {Distributed Artificial Intelligence},
   publisher = {Pitman/Morgen Kaufmann, London},
   year =      {1989},
   editor =    {Gasser, L. and Huhns, M. N.},
   volume =    {2},
   chapter =   {14},
   pages =     {319--383}
}

@InProceedings{Niittymaki&Nevala2001,
   author =    {Niittymaki, J. and Nevala, R.},
   booktitle = {Proceedings of Joint 9th IFSA World Congress and 20th NAFIPS International Conference},
   title =     {Fuzzy Adaptive Traffic Signal Control - Principles and Results},
   year =      {2001},
   pages =     {2870--2875},
   location =  {Vancouver, BC}
}

@BOOK{Nigel&Troitzsch1999,
   author =    {Nigel, G. and Troitzsch, K. G.},
   title =     {Simulation for the Social Scientist},
   publisher = {Open University Press},
   address =   {Buckingham},
   year =      {1999}
}

@book{Nijkamp+1996,
   author =    {Nijkamp, P. and Pepping, G. and Banister, D.},
   title =     {Telematics and Transport Behaviour},
   publisher = {Springer-Verlag},
   year =      {1996},
   address =   {Berlin}
}

% ana dez/05
@Book{Nielsen&Chuang2000,
   author =    {Michael Nielsen and Isaac L. Chuang},
   title =     {Quantum Computation and Quantum Information},
   publisher = {Cambridge University Press},
   year =      {2000},
   address =   {Cambridge, UK}
}

% TOYAMA 07/2005
@Article{Nishinari+2004,
   author =  {Nishinari, Katsushiro and Kirchner, Ansgar and Namazi, Alireza and Schadschneider, Andreas},
   title =   {Extended Floor Field {CA} Model for Evacuation Dynamics},
   journal = {IEICE Transactions on Information and Systems},
   year =    {2004},
   volume =  {E87-D},
   number =  {1},
   pages =   {726--732},
   month =   {March}
}

%Mariana março 2011
@inproceedings{Noman&Iba2005,
   author =    {Noman, Nasimul and Iba, Hitoshi},
   title =     {Inference of Gene Regulatory Networks Using S-system and Differential Evolution},
   booktitle = {Proceedings of the 2005 Genetic and Evolutionary Computation Congress},
   publisher = {ACM},
   year =    {2005},
   pages =   {439--446}
}

% paulo ferreira - jun 2007
@Inproceedings{Nouyan2002,
 author = {Shervin Nouyan},
 title = {Agent-Based Approach to Dynamic Task Allocation},
 booktitle = {Proceedings of the Third International Workshop on Ant Algorithms (ANTS 2002)},
 year = {2002},
 isbn = {3-540-44146-8},
 pages = {28--39},
 publisher = {Springer-Verlag},
 address = {London, UK}
 }

% paulo ferreira - jul 2007
@Article{Nouyan2005,  
  author = {S. Nouyan and R. Ghizzioli and M. Birattari and M. Dorigo},
  title = {An Insect-Based Algorithm for the Dynamic Task Allocation Problem},
  journal = {K\"unstliche Intelligenz},
  year = {2005},
  volume = {4},
  number = {5},
  pages = {25--31}
}

%Daniela 05/2007
@mastersthesis{Novaes2002,
   author =  {Novaes, U. da R.},
   title =   {Agrupamento de Dados Atrav\'es de Algoritmos Swarm},
   school =  {Programa de P\'os Gradua\c c\~ao em Engenharia, UFRJ},
   year =    {2002},
   address = {Rio de Janeiro},
   type =    {Mestrado em Engenharia}
}

@article{Nowak&May1992,
   author =  {Nowak, M. A. and May, R. M.},
   title =   {Evolutionary Games and Spatial Chaos},
   journal = {Nature},
   year =    {1992},
   volume =  {359},
   pages =   {826--829}
}

% ana jan 2008
@article{Nowak2006,
author = {Nowak, M. A. },
doi = {10.1126/science.1133755},
issn = {1095-9203},
journal = {Science},
keywords = {cooperation, evolution, theory},
month = {December},
number = {5805},
pages = {1560--1563},
title = {Five rules for the evolution of cooperation.},
url = {http://dx.doi.org/10.1126/science.1133755},
volume = {314},
year = {2006}
}

% ana maio 10
@Article{Nowak+2010,
  author = 	 {Martin A. Nowak and Corina E. Tarnita and Tibor Antal},
  title = 	 {Evolutionary dynamics in structured populations},
  journal = 	 {Phil. Trans. of the Royal Soc. B},
  year = 	 {2010},
  volume = 	 {365},
  OPTnumber = 	 {},
  pages = 	 {19--30},
  OPTmonth = 	 {}
}

% boffo 29/12/2006
@techreport{Nuessle+2004,
   author =      {Timo N\"usle and Alexander Kleiner and Michael Brenner},
   title =       {Approaching Urban Disaster Reality: The {ResQ Firesimulator}},
   institution = {Institut f\"ur Informatik, Universit\"at Freiburg},
   year =        {2004},
   address =     {Freiburg},
   pages =       {13}
}

%mariana ago 2011 (do antigo bioinfo.tex)
@Article{Numa+2001, 
  author = 	  {Numa, Hisataka and Sakata, Katsumi and Nagamura, Yoshiaki and Antonio, Baltazar A. and  Idonuma, Atsuko and Shimizu, Yuji and Horiuchi, Ikuo  and  Matsumoto, Takashi and Sasaki, Takuji and Higo, Kenichi }, 
  title = 	 {RiceGAAS: An Automated Annotation System for Rice Genome}, 
  journal = 	 {Genome Informatics }, 
  year = 	 {2001}, 
  Tvolume = 	 {12}, 
  pages = 	 {496-497}, 
} 

@article{Numacker+1989,
   author =  {Numacker, J. F. and Vogel, D. and Konsynski, B.},
   title =   {Interaction of Task and Technology to Support Large Groups},
   journal = {Decision Support Systems},
   year =    {1989},
   pages =   {139--152}
}

%inserido Bruno 04/2006 (revisado Bruno - 25/09/06)
@InProceedings{Nunes&Oliveira2004,
   author =    {Lu\'is Nunes and Eug\'enio C. Oliveira},
   title =     {Learning from Multiple Sources},
   year =      {2004},
   booktitle = {Proceedings of the 3rd International Joint Conference on Autonomous Agents and Multi Agent Systems, {AAMAS}},
   pages =     {1106-1113},
   editor =    {Jennings, N.R. and Sierra, C. and Sonenberg, L. and Tambe, M.},
   month =     {July},
   volume =    {3},
   address =   {New York, {USA}},
   publisher = {New York, {IEEE} Computer Society}
}

@article{Nwana+1996,
   author =  {Nwana, H. S. and Lee, L. C. and Jennings, N. R.},
   title =   {Coordination in Software Agent Systems},
   journal = {The British Telecom Technical Journal},
   volume =  {14},
   number =  {4},
   pages =   {79--88},
   year =    {1996}
}

% Fabiana - 02/2008
@article{Oates+1997,
       author = {Oates, Tim and Prasad, M. V. Nagendra and Lesser, Victor},
       title = {Cooperative Information Gathering: a Distributed Problem Solving Approach},
       year = {1997},
       journal = {IEE/BCS Journal of Software Engineering special issue on Developing Agent Based Systems},
       volume = {144},
       pages = {72--88},
       number = {1}
}

%denise 08/2007
@ARTICLE{Ogston+2004,
  author = {Ogston, E. And Steen, M. And Brazier, F.},
  title = {Group Formation Among Decentralized Autonomous Agents},
  journal = {Applied Artificial Intelligence},
  year = {2004},
  volume = {18},
  pages = {953--970},
  number = {9},
  publisher = {Taylor \& Francis}
}

@article{Ohlsson1987,
   author =   {Ohlsson, S.},
   title =    {Some principles of Intelligent Tutoring},
   journal =  {Artificial Intelligence and Education},
   year =     {1987},
   optpages = {203--237}
}

% boffo 29/12/2006
@unpublished{Okamoto2003,
   author = {Steven Okamoto},
   title =  {Allocating Roles in Large Scale Teams: An Empirical Evaluation},
   note =   {2003. 42 f. Disserta\c c\~ao (Mestrado em Ci\^encia da Computa\c c\~ao) Department	  
	    of Computer Science, University of Southern California, Los Angeles,
	    EUA.},
   year =   {2003}
}

%Daniel 05/09
@INCOLLECTION{Oleson+2009,
 AUTHOR =       {R. Oleson and D. J. Kaup and T. L. Clarke and L. C. Malone and L. Boloni},
 TITLE =        {Social Potential Models for Modeling Traffic and Transportation},
 BOOKTITLE =    {Multi-Agent Systems for Traffic and Transportation Engineering},
 PUBLISHER =    {IGI Global},
 address =      {Hershey, US},
 YEAR =         {2009},
 editor =       {A. L. Bazzan and F. Kl{\"u}gl},
 pages = {155-175},
 isbn = {978-1-60566-226-8}
}

@inproceedings{Oliveira&Sarmento2002,
   author =    {Oliveira, E. and Sarmento, L.},
   title =     {Emotional Valence-Based Mechanisms and Agent Personality},
   booktitle = {Proc. of SBIA},
   year =      {2002},
   pages =     {152--162}
}

%DAniel 03-09
@INPROCEEDINGS{Oliveira&Camponogara2008,
 AUTHOR =       {Lucas Barcelos de Oliveira and Eduardo Camponogara},
 TITLE =        {Multi-agent Model Predictive Control of Signaling Split in Urban Traffic Networks},
 BOOKTITLE =    {Proceedings of the 5th Workshop on Agents in Traffic and Transportation, at AAMAS 2008, May, 13th, Estoril, Portugal},
 YEAR =         {2008},
 editor =       {A. L. C. Bazzan and F. Kl{\"u}gl and S. Ossowski},
 pages =        {21--28},
}

@inproceedings{O'Neil2000,
   author =       {O'Neil, B.},
   title =        {Approaches to Modelling Emotions in Game Theory},
   booktitle =    {Proceedings of the Conference on Cognition, Emotion and Rational Choice},
   year =         {2000},
   organization = {UCLA},
   month =        {April}
}

% Fabiana - 18/10/2005
@inproceedings{Ontanon&plaza2004,
   author =    {Ontanon, S. and Plaza, E.},
   title =     {Justification-based Case Retention},
   booktitle = {Proceedings of the 7th European Conference on Case Based Reasoning, Advances in Case-Based Reasoning},
   address =   {Madrid},
   series =    {Lecture Notes in Artificial Intelligence},
   month =     {September},
   editor =    {P. Funk and P. A. Gonzalez Calero},
   pages =     {346--360},
   year =      {2004}
}

%ana nov 06
@BOOK{Oppenheim1995,
   TITLE =     {Urban Travel Demand Modeling: From Individual Choices to General Equilibrium},
   AUTHOR =    {Norbert Oppenheim},
   MONTH =     {January},
   YEAR =      {1995},
   PUBLISHER = {John Wiley \& Sons, Inc.},
   ADDRESS =   {New York, NY},
   ISBN =      {0-471-55723-4}
}

@book{Ortony+1988,
   author =    {Ortony, A. and Clore, G. L. and Collins, A.},
   title =     {The Cognitive Structure of Emotions},
   publisher = {Cambridge University Press},
   year =      {1988},
   address =   {Cambridge, UK}
}

%denise 16.10.06
@BOOK{Ortuzar&Willumsen2001,
   AUTHOR =    {{Juan de Dios} Ort\'uzar and Luis G. Willumsen},
   TITLE =     {Modelling Transport},
   PUBLISHER = {John Wiley \& Sons},
   YEAR =      {2001},
   EDITION =   {3rd}
}

% TOYAMA
@inproceedings{Osaragi2004,
   author =    {Osaragi, T.},
   title =     {Modeling of Pedestrian Behavior and Its Applications to Spatial Evaluation},
   booktitle = {International Joint Conference on Autonomous Agents and Multiagent Systems},
   editor =    {Jennings, N.R. and Sierra, C. and Sonenberg, L. and Tambe, M.},
   year =      {2004},
   pages =     {836--843}
}

% Samuel 03/2010
@book{Osborne&Rubinstein1994,
   author = {Osborne, Martin J. and Rubinstein, Ariel},
   day = {12},
   howpublished = {Paperback},
   isbn = {0262650401},
   month = {July},
   posted-at = {2005-02-27 17:51:57},
   priority = {4},
   publisher = {The MIT Press},
   title = {A Course in Game Theory},
   url = {http://www.worldcat.org/isbn/0262650401},
   year = {1994}
}

@inproceedings{Ossowski+1996,
   author =    {Ossowski, S. and Garcia-Serrano, A. and Cuena, J.},
   title =     {Emergent Co-ordination of Flow Control Actions through Functional Co-operation of Social Agents},
   booktitle = {Proc. of the Twelfth European Conf. on Art. Intelligence (ECAI'96)},
   year =      {1996},
   editor =    {Wahster, W.},
   pages =     {539--543},
   publisher = {J. Wiley \& Sons, Chichester},
   address =   {Budapest}
}

@book{Ossowski1999,
   author =    {Ossowski, S.},
   title =     {Co-ordination in Artifical Agent Societies, Social Structures and its Implications for Autonomous Problem-Solving Agents},
   publisher = {Springer},
   year =      {1999},
   number =    {1535},
   series =    {Lecture Notes in Artificial Intelligence},
   address =   {Berlin Heidelberg New York}
}

% ana maio 08
@InCollection{Ossowski+2005,
author = {S. Ossowski and A. Fern\'andez and J. M. Serrano and J. L. {P\'erez-de-la-Cruz} and  M. V. Belmonte and J. Z. Hern\'andez and A. M. Garc\'ia-Serrano and J. M. Maseda},
editor = {Kl\"ugl, F. and Bazzan, A. L. C. and Ossowski, S. },
booktitle = {Applications of Agent Technology in Traffic and Transportation},
title = {Designing Multiagent Decision Support Systems for Traffic Management},
OPTchapter = {},
publisher = {Birkh\"auser},
year = {2005},
series = {Whitestein Series in Software Agent Technologies and Autonomic Computing  },
address = {Basel},
pages = {51--67}
}

% ana junho 08
@Article{Ossowski+2005trc,
author = {S. Ossowski and J. Z. Hern\'andez   and  M. V. Belmonte and A. Fern\'a},
title = {Decision support for traffic management based on organisational and communicative multiagent abstractions},
journal = trc,
year = {2005},
pages = {272--298}
}

@book{Ousterhout1994,
   author =    {Ousterhout, J. K.},
   title =     {TCL and the TK Toolkit},
   publisher = {Addison-Wesley},
   year =      {1994},
   address =   {Boston, MA}
}
