%ATENCAO: INCLUDIR QUEM E *QUANDO* (MES/ANO) INSERIU !!

%Mariana marco 2011
@incollection{Pal+2006,
   author =    {Pal, S. K. and Bandyopadhyay, S. and Ray, S. S.},
   title =     {Evolutionary Computation in Bioinformatics: A Review},
   booktitle = {IEEE Transactions on Systems, Man, And Cybernetics},
   publisher = {IEEE CS},
   year =      {2006},
   volume =    {36},
   number = {5},
   pages =     {601--615}
}

%denise 06/2007
@article{Panait&Luke2005,
   author = {Liviu Panait and Sean Luke},
   title = {Cooperative Multi-Agent Learning: The State of the Art},
   journal = {Autonomous Agents and Multi-Agent Systems},
   year = {2005},
   volume = {11},
   pages = {387--434},
   number = {3},
   address = {Hingham, MA, USA},
   issn = {1387-2532},
   publisher = {Kluwer Academic Publishers}
}

%ana mar. 2007
@inproceedings{Panait&Luke2006,
   author =    {Liviu Panait and Sean Luke},
   title =     {Selecting Informative Actions Improves Cooperative Multiagent Learning},
   booktitle = {Proceedings of the Fifth International Joint Conference on Autonomous Agents and Multiagent Systems},
   year =      {2006},
   isbn =      {1-59593-303-4},
   editor = aamas06eds,
   pages =     {760--766},
   location =  {Hakodate, Japan},
   doi =       {http://doi.acm.org/10.1145/1160633.1160767},
   publisher = {ACM Press},
   address =   {New York, NY, USA}
}

%ana mar 2007
@inproceedings{Panait+2006,
   author =    {Liviu Panait and Keith Sullivan and Sean Luke},
   title =     {Lenient Learners in Cooperative Multiagent Systems},
   booktitle = {Proceedings of the Fifth International Joint Conference on Autonomous Agents and Multiagent Systems},
   year =      {2006},
   isbn =      {1-59593-303-4},
   pages =     {801--803},
   location =  {Hakodate, Japan},
   doi =       {http://doi.acm.org/10.1145/1160633.1160776},
   publisher = {ACM Press},
   address =   {New York, NY, USA}
}

%Daniel 05/09
@INPROCEEDINGS{Panwei&Dia2006,
 AUTHOR =       {S. Panwei and H. Dia},
 TITLE =        {A Fuzzy Neural Approach to Modeling Behavioural Rules in Agent-based Route Choice Simulations},
 BOOKTITLE =    {Proceedings of the 4th Workshop on Agents in Traffic and Transportation, AAMAS 2006, May, 9th, Hakodate, JP},
 YEAR =         {2006},
 editor =       {A. L. C. Bazzan and B. Chaib-Draa and F. Kl{\"u}gl and S. Ossowski},
 pages =        {70-78},
}

%denise 07/2007
@ARTICLE{Papadimitriou&Tsitsiklis1987,
   author =    {Christos Papadimitriou and John N. Tsitsiklis},
   title =     {The complexity of Markov decision processes},
   journal =   {Mathematics of Operations Research},
   year =      {1987},
   volume =    {12},
   pages =     {441--450},
   number =    {3},
   month =     {August},
   address =   {Linthicum, Maryland, USA},
   publisher = {INFORMS}
}

%denise 06/2007
@BOOK{Papadimitriou1994,
  title = {Computational complexity},
  publisher = {Addison--Wesley},
  year = {1994},
  author = {Christos M. Papadimitriou},
  address = {Massachusetts}
}

%maicon junho 2012
@INPROCEEDINGS{Papadimitriou2001,
    author = {Christos H. Papadimitriou},
    title = {Algorithms, Games, and the Internet},
    booktitle = {In STOC},
    year = {2001},
    pages = {749--753},
    publisher = {ACM Press}
}

%ana mar. 2007
@InCollection{Papageorgiou2003,
   author =    {Markos Papageorgiou},
   editor =    {Randolph W. Hall},
   booktitle = {Handbook of Transportation Science},
   title =     {Traffic Control},
   chapter =   {8},
   publisher = {Kluwer Academic Pub},
   year =      {2003},
   pages =     {243--277}
}

%ana set. 2005
@Article{Papageorgiou+2003,
   author =  {Markos Papageorgiou and Christina Diakaki and Vaya Dinopoulou and Apostolos Kotsialos and Yibing Wang},
   title =   {Review of Road Traffic Control Strategies},
   journal = {Proceedings of the IEEE},
   year =    {2003},
   volume =  {91},
   number =  {12},
   pages =   {2043--2067},
   month =   {December}
}

% Boffo - out/2006
@INPROCEEDINGS{Paquet+2004,
  author = {S\'{e}bastien Paquet and Nicolas Bernier and Brahim Chaib-draa},
  title = {Comparison of Different Coordination Strategies for the {RoboCup Rescue} Simulation},
  booktitle = {Proc. of the 17th International Conference on Industrial \& Engineering Applications of Artificial Intelligence \& Expert Systems},
  year = {2004},
  pages = {987--996},
  address = {Ottawa, Canada},
  publisher = {Berlin, Springer},
  editor = {Bob Orchard and Chunsheng Yang and Moonis Ali}
}

% Boffo - out/2006
@inproceedings{Paquet&Chaibdraa2006,
   author =    {S\'ebastien Paquet and Brahim {Chaib-draa}},
   title =     {Learning the Required Number of Agents for Complex Tasks},
   booktitle = {Proc. of the Fifth International Joint Conference on Autonomous Agents and Multiagent Systems},
   year =      {2006},
   pages =     {736--746},
   address =   {Hakodate, Japan},
   publisher = {New York, ACM Press},
   editor = aamas06eds
}

%Daniel 05/2011
@INPROCEEDINGS{Parker+2003,
    author = {Lynne E. Parker and Ben Birch and Chris Reardon},
    title = {Indoor Target Intercept Using an Acoustic Sensor Network and Dual Wavefront Path Planning},
    booktitle = {In Proceedings of IEEE International Symposium on Intelligent Robots and Systems (IROS <92>03},
    year = {2003},
    pages = {278--283},
}

% Bruno - 25/09/06
@inproceedings{Parr&Russell1998,
   author =    {Ronald Parr and Stuart Russell},
   title =     {Reinforcement Learning with Hierarchies of Machines},
   booktitle = {Advances in Neural Information Processing Systems},
   volume =    {10},
   publisher = {The {MIT} Press},
   year =      {1998}
}

@ARTICLE{Parsons+1998,
   AUTHOR =  {Parsons, ,S. and Sierra, C. and Jennings, N.},
   TITLE =   {Agents that Reason and Negotiate by Arguing},
   JOURNAL = {Journal of Logic and Computation},
   volume  = {8},
   pages =   {261--292},
   YEAR =    {1998}
}

@manual{Parsonson1992,
   title =        {Signal Timing Improvement Practices},
   author =       {Parsonson, P.S.},
   organization = {Transp. Research Board,  Natl. Res. Council},
   address =      {Washington, DC},
   year =         {1992}
}

@inproceedings{Paruchuri+2002,
   author =    {Praveen Paruchuri and Alok Reddy Pullalarevu and Kamalakar Karlapalem},
   title =     {Multi Agent Simulation of Unorganized Traffic},
   booktitle = {Proceedings of the First International Joint Conference on  Autonomous Agents and Multi-Agent Systems (AAMAS)},
   year =      {2002},
   pages =     {176--183},
   publisher = {ACM Press},
   address =   {Bologna, Italy},
   isbn =      {1-58113-480-0},
   volume =    {1},
   doi =       {http://doi.acm.org/10.1145/544741.544786}
}

@inproceedings{Parunak&Brueckner2000,
   author =    {Parunak, H. Van Dyke and Brueckner, Sven},
   title =     {Ant-Like Missionaries and Cannibals: Synthetic Pheromones for Distributed Motion Control},
   year =      {2000},
   pages =     {467--474},
   address =   {Barcelona, Catalonia, Spain},
   booktitle = {Proceedings of the Fourth International Conference on Autonomous Agents},
   url =       {citeseer.nj.nec.com/vandykeparunak00antlike.html},
   publisher = {ACM Press},
   editor =    {Carles Sierra and Maria Gini and Jeffrey S. Rosenschein}
}

@InCollection{Parunak1987,
   author =    {Parunak, H. V. D.},
   title =     {Manufacturing Experience with the Contract-Net},
   booktitle = {Distributed Artificial Intelligence},
   year =      {1987},
   pages =     {285--310},
   publisher = {Morgan Kaufmann Publishers Inc.}
}

% Anderson Rocha 05/12/2011
@article{Passos+2011,
  title={Towards the next-generation traffic simulation tools: a first appraisal},
  author={L\'ucio S. Passos and Zafeiris Kokkinogenis and Rosaldo J. F. Rossetti},
  journal={3rd Workshop on Intelligent Systems and Applications (WISA), 6th Iberian Conference on Information Systems and Technologies (CISTI'11)},
  month = {June},
  year={2011},
  address={Chaves, Portugal}
}

@article{Pas&Principio1997,
   author =  {Eric I. Pas and S. L. Principio},
   title =   {Braes's Paradox: Some New Insights},
   journal = {trb},
   year =    {1997},
   volume =  {31},
   number =  {3},
   pages =   {265--276}
}

@article{Pattnaik+1991,
   author =  {Pattnaik, S.B. and Rajeev, S. and Mukundan, A.},
   title =   {Toward Intelligent Traffic Signal Design System},
   journal = {J. of Transp. Eng.},
   year =    {1991},
   volume =  {117},
   number =  {5},
   pages =   {524--539}
}

% ana mai 11
@book{Pearl1984,
 author = {Pearl, Judea},
 title = {Heuristics:  intelligent search strategies for computer problem solving},
 year = {1984},
 isbn = {0-201-05594-5},
 publisher = {Addison-Wesley Longman Publishing Co., Inc.},
 address = {Boston, MA, USA},
} 

%mariana junho/2011
@inproceedings{Pearl&Verma1991,
  author = {J. Pearl and T. S. Verma},
  title = {A theory of inferred causation},
  booktitle = {Proceedings of the Second International Conference on Principles of Knowledge Representation and Reasoning},
  year = {1991},
  pages = {441--452},
}

%mariana ago 2011 (do antigo bioinfo.tex)
@article{ Pearson&Lipman1988, 
 AUTHOR = { Pearson, W. R. and Lipman, D. J.}, 
 TITLE = {Improved tools for biological sequence comparison}, 
 JOURNAL = {Proc. Natl. Acad. Sci.}, 
 VOLUME = {85}, 
 PAGES = {2444--2448}, 
 YEAR =	1988 
} 

@inproceedings{Pechoucek+2006,
 author = {P\v{e}chou\v{c}ek, Michal and \v{S}i\v{s}l\'{a}k, David and Pavl\'{\i}\v{c}ek, Du\v{s}an and Uller, Miroslav},
 title = {Autonomous agents for air-traffic deconfliction},
 booktitle = {Proceedings of the fifth international joint conference on Autonomous agents and multiagent systems},
 year = {2006},
 isbn = {1-59593-303-4},
 pages = {1498--1505},
 location = {Hakodate, Japan},
 doi = {http://doi.acm.org/10.1145/1160633.1160925},
 publisher = {ACM},
 address = {New York, NY, USA},
 }

% Daniel (a pedido prof Bazzan) - 16/06/2008
@ARTICLE{Peeta&Yu2005,
  AUTHOR =       {S. Peeta and J. W. Yu},
  TITLE =        {A Hybrid Model for Driver Route Choice Incorporating En-Route Attributes and Real-Time Information Effects},
  JOURNAL =      {Networks and Spatial Economics},
  YEAR =         {2005},
  volume =       {5},
  pages =        {21--40},
}

%mariana junho/2011
@article{Pe'er+2001,
  author = {Dana Pe'er and Aviv Regev and Gal Elidan and Nir Friedman},
  title = {Inferring subnetworks from perturbed expression profiles},
  journal = {Bioinformatics},
  volume = {17},
  publisher = {Oxford University Press},
  year = {2001},
  pages = {S215--S224},
}

%Daniel 05/09
@INPROCEEDINGS{Pelechano+2008,
 AUTHOR =       {N. Pelechano and C. Stocker and J. Allbeck and N. Badler},
 TITLE =        {Being a Part of the Crowd: Towards Validating VR Crowds Using Presence},
 BOOKTITLE =    {Proc. of 7th Int. Conf. on Autonomous Agents  and Multiagent Systems (AAMAS 2008), May 12-16., Estoril, Portugal},
 YEAR =         {2008},
 editor =       {L. Padgham and D. Parkes and J. M{\"u}ller and S. Parsons},
 pages =        {136-142},
 publisher =    {IFAAMAS},
}

%mariana ago 2011 (do antigo bioinfo.tex)
@Article{Pennisi1999, 
  author = 	 { Pennisi, Elizabeth}, 
  title = 	 {Keeping genome databases clean and up to date}, 
  journal = 	 {Science}, 
  year = 	 {1999}, 
  volume = 	 {286}, 
  pages = 	 {447--50}, 
 } 

% ana jun 12
@inproceedings{Pereira&Tettamanzi2008,
 author = {da Costa Pereira, C{\'e}lia and Tettamanzi, Andrea G. B.},
 title = {Goal generation with relevant and trusted beliefs},
 booktitle = {Proceedings of the 7th international joint conference on Autonomous agents and multiagent systems},
 year = {2008},
 isbn = {978-0-9817381-0-9},
 location = {Estoril, Portugal},
 pages = {397--404},
 publisher = {International Foundation for Autonomous Agents and Multiagent Systems}
}

% ana jun 12
@inproceedings{Pereira&Tettamanzi2009,
 author = {da Costa Pereira, C{\'e}lia and Tettamanzi, Andrea G. B.},
 title = {Goal generation from beliefs based on trust and distrust},
 booktitle = {Proceedings of The 8th International Conference on Autonomous Agents and Multiagent System},
 year = {2009},
 isbn = {978-0-9817381-7-8},
 location = {Budapest, Hungary},
 pages = {1127--1128},
 publisher = {International Foundation for Autonomous Agents and Multiagent Systems}
}

% ana jun 12
@inproceedings{Pereira&Tettamanzi2010,
  author    = {C{\'e}lia da Costa Pereira and
               Andrea Tettamanzi},
  title     = {An integrated possibilistic framework for goal generation
               in cognitive agents},
  booktitle = {Prod. of the AAMAS 2010},
  year      = {2010},
  pages     = {1239--1246},
  ee        = {http://doi.acm.org/10.1145/1838206.1838367},
} 

% Anderson 06/11/2011
@MastersThesis{ Pereira2011,
	title = {An Integrated Architecture for Autonomous Vehicles Simulation},
	author = {Jos{\'e} Luis Ferr{\'a}s Pereira},
	school = {Faculdade de Engenharia, Universidade do Porto},
	month = {jun},
	year = {2011}
}

% ana set 12
@inproceedings{Pereira+2012,
    author = {Francisco C. Pereira and Filipe Rodrigues and Moshe Ben-Akiva},
    booktitle = {Transportation Research Board. 91st Meeting},
    address = {Washington, D.C.)},
    title = {Internet as Sensor: Case Study with Special Events},
    year = {2012}
}

%mariana junho/2011
@article{Perou+2000,
  author = {Charles M. Perou and Therese S\`urlie and Michael B. Eisen and Matt van de Rijn and Stefanie S. Jeffrey and Christian A. Rees and Jonathan R. Pollack and Douglas T. Ross and Hilde Johnsen and Lars A. Akslen and Oystein Fluge and Alexander Pergamenschikov and Cheryl Williams and Shirley X. Zhu and Per E. Lonning and Anne-Lise B\`urresen-Dale and Patrick O. Brown and David Botstein},
  title = {Molecular portraits of human breast tumours},
  journal = {Nature},
  volume = {406},
  pages = {747--752},
  publisher = {Nature Publishing Group},
  year =    {2000},
}

%Fernando (a pedido prof. Bazzan) por Robert 21/01/2008
@InProceedings{Petcu&Faltings2004,
   author =    {Petcu, Adrian and Faltings, Boi},
   title =     {A Distributed, Complete Method for Multi-Agent Constraint Optimization},
   booktitle = {Proceedings of the Fifth International Workshop on Distributed Constraint Reasoning {(DCR2004)} - Tenth International Conference on Principles and Practice of Constraint Programming {(CP 2004)}},
   year =      {2004},
   address =   {Toronto, Canada},
   month =     {Sep}
}

%paulo ferreira nov 2006
@InProceedings{Petcu&Faltings2005,
   author =    {Petcu, Adrian and Faltings, Boi},
   title =     {A Scalable Method for Multiagent Constraint Optimization},
   booktitle = {Proceedings of the Nineteenth International Joint Conference on Artificial Intelligence},
   year =      {2005},
   address =   {Edinburgh, Scotland},
   month =     {August},
   pages =     {266--271},
   editor    = {Leslie Pack Kaelbling and Alessandro Saffiotti},
   publisher = {Professional Book Center}
}

% Fernando 07/12/2007
@InProceedings{Petcu&Faltings2005dcr,
   author =    {Petcu, Adrian and Faltings, Boi},
   title = 	   {Optimal Solution Stability in Continuous-Time Optimization},
   booktitle = {Proceedings of the 19th International Joint Conference on Artificial Intelligence (IJCAI) - Distributed Constraint Reasoning Workshop (DCR)},
   year = 	   {2005},
   address =   {Edinburgh, Scotland},
   month = 	   {August},
   editor =    {Amnon Meisels},
   pages =     {207--221}
}

%Fernando 07/12/2007
@inproceedings{Petcu&Faltings2005cp,
   author =    {Petcu, Adrian and Faltings, Boi},
   title =     {Approximations in Distributed Optimization},
   booktitle = {Proceedings of the Eleventh International Conference on Principles and Practice of Constraint Programming (CP 2005)},
   year =      {2005},
   pages =     {802--806},
   publisher = {Springer--Verlag},
   address =   {Sitges, Barcelona, Spain},
   month =     {October},
   volume =    {3709},
   series =    {Lecture Notes in Computer Science}
}

%Fernando (a pedido da prof. Bazzan) por Robert 21/01/2008
%adicionado "institution" em 18/07/2008 Fernando
@TechReport{Petcu2006, 
  author = 	{Petcu, Adrian},
  title = 	{Recent Advances in Dynamic, Distributed Constraint Optimization},
  institution = {Swiss Federal Institute of Technology (EPFL)},
  year = 	{2006},
  type = 	{Technical Report No. 2006/006},
  number = 	{LIA-REPORT-2006-006},
  address = 	{Lausanne (Switzerland)},
  month = 	{May}
}

%Fernando 07/12/2007
@inproceedings{Petcu+2006,
   author =    {Adrian Petcu and Boi Faltings and David C. Parkes},
   title =     {{MDPOP}: faithful distributed implementation of efficient social choice problems},
   booktitle = {Proceedings of the Fifth International Joint Conference on Autonomous Agents and Multiagent Systems},
   year =      {2006},
   pages =     {1397--1404},
   location =  {Hakodate, Japan},
   publisher = {ACM Press},
   address =   {New York, USA}
}

%ana out 2007
@inproceedings{Petcu&Faltings2007,
  author    = {Adrian Petcu and
               Boi Faltings},
  title     = {{MB-DPOP}: A New Memory-Bounded Algorithm for Distributed
               Optimization},
  booktitle = {Proceedings of the 20th International Joint
               Conference on Artificial Intelligence (IJCAI)},
  editor    = {Manuela M. Veloso},
  address   = {Hyderabad, India},
  month     = {January},
  year      = {2007},
  pages     = {1452--1457},
}

% Fernando 07/12/2007
@InProceedings{Petcu+2007,
   author =    {Petcu, Adrian and Faltings, Boi and Mailler, Roger},
   title = 	   {{PC-DPOP}: A New Partial Centralization Algorithm for Distributed Optimization},
   booktitle = {Proceedings of the 20th International Joint Conference on Artificial Intelligence (IJCAI)},
   year = 	   {2007},
   editor =    {Manuela M. Veloso},
   address =   {Hyderabad, India},
   month = 	   {January},
   pages = 	   {167-172}
}

% Samuel 03/2009
@incollection{Peters+2005,
   author = {Peters, Jan and Vijayakumar, Sethu and Schaal, Stefan},
   journal = {Machine Learning: ECML 2005},
   pages = {280--291},
   title = {Natural Actor-Critic},
   year = {2005}
}

@article{Penchina1997,
   author =  {C. M. Penchina},
   title =   {Braess paradox: maximum penalty in a minimal critical network},
   journal = tra,
   year =    {1997},
   volume =  {31},
   number =  {5},
   pages =   {379--388}
}

% TOYAMA 06/2005
@Article{Perez+2002,
   author =  {Perez, Gay Jane and Tapang, Giovanni and Lim, May and Saloma, Caesar},
   title =   {Streaming, disruptive interference and power-law behavior in the exit dynamics of confined pedestrians},
   journal = {Physica A},
   year =    {2002},
   volume =  {312},
   number =  {3--4},
   pages =   {609--918},
   month =   {September}
}

@book{Picard1997,
   author =    {Picard, Rosalind W.},
   title =     {Affective Computing},
   publisher = {The MIT Press},
   year =      {1997},
   address =   {Cambridge, MA}
}

% fabiana - 02/06/2008
@inproceedings{Pinto&Silva2001,
 author = {Georgia Pinto Barbosa and Fabio Q. B. da Silva},
 title = {An Electronic Marketplace Architecture Based on Technology of Intelligent Agents and 
Knowledge},
 booktitle = {E-Commerce Agents, Marketplace Solutions, Security Issues, and Supply and Demand},
 year = {2001},
 isbn = {3-540-41934-9},
 pages = {39--60},
 publisher = {Springer-Verlag},
 address = {London, UK},
 }

% Anderson Rocha - 17/04/2012
@article{Piorkowski+2008,
  title	= {TraNS: realistic joint traffic and network simulator for VANETs},
  author= {Piorkowski, M. and Raya, M. and Lugo, A.L. and Papadimitratos, P. and Grossglauser, M. and Hubaux, J.P.},
  journal = {ACM SIGMOBILE Mobile Computing and Communications Review},
  volume = {12},
  number = {1},
  pages = {31--33},
  year = {2008},
  publisher = {ACM}
}

@article{Pipitone1986,
   author =  {Pipitone, F.},
   title =   {The {FIS} Eletronics Troubleshooting System},
   journal = {Computer},
   year =    {1986},
   volume =  {19},
   number =  {7},
   pages =   {68--77},
   month =   {July}
}

@article{Plaza&Mcginty2006,
   author =    {Plaza, E. and McGinty, L.},
   title =     {Distributed case-based reasoning},
   journal =   {The Knowledge Engineering Review},
   year =      {2006},
   volume =    {20},
   pages =     {261--265},
   publisher = {Cambridge University Press}
}

%Anderson Rocha - 22/08/2012
@article{Poehler2006,
  title={The Circulation of traffic in Pompeii's Regio VI},
  author={Poehler, EE},
  journal={Journal of Roman Archaeology},
  volume={19},
  number={1},
  pages={53--74},
  year={2006}
}

@book{Poundstone1992,
   author =    {Poundstone, W.},
   title =     {Prisoner's Dilemma},
   publisher = {Univ. Press, Oxford},
   year =      {1992},
   note =      {290 pp.}
}

% ana set 11
@Article{Prashanth&Bhatnagar2011,
  author =       {Prashanth, L.A. and Bhatnagar, S.},
  title =        {Reinforcement Learning with Function Approximation for Traffic Signal Control},
  journal =      {{IEEE} Transaction on Intelligent Transportation Systems},
  year =         {2011},
  month =	 {june },
  volume =	 {12},
  number =	 {2},
  pages =	 {412--421},
  doi = 	 {10.1109/TITS.2010.2091408},
}

%mariana ago 2011 (do antigo bioinfo.tex)
@TechReport{Prati+2001, 
  author = 	 {Prati, R. C. and  Baranauskas, J. A. and Monard, M. C.}, 
  title = 	 {Uma proposta de unifica\c c\~ao da linguagem de representaï¿½o de conceitos de algoritmos de aprendizado de m\'aquina simb\'olicos}, 
  institution =  {ICMC-USP}, 
  year = 	 {2001}, 
  number = 	 {137} 
} 
 

% ana jan 2011
@inproceedings{Preda2007,
 author = {Preda, Mircea},
 title = {Adaptive building of decision trees by reinforcement learning},
 booktitle = {Proceedings of the 7th Conference on 7th WSEAS International Conference on Applied Informatics and Communications},
 year = {2007},
 isbn = {978-960-6766-01-5},
 location = {Vouliagmeni, Athens, Greece},
 pages = {34--39},
 numpages = {6},
 publisher = {World Scientific and Engineering Academy and Society (WSEAS)},
 address = {Stevens Point, Wisconsin, USA}
} 

% Fabiana - 17/11/05
@inproceedings{Preist+2001,
   author =    {Preist, C. and Byde, A. and Bartolini, C.},
   title =     {Economic Dynamics of Agents in Multiple Auctions},
   booktitle = {Proceedings Fifth International Conference of Autonomous Agents},
   year =      {2001},
   pages =     {545--551}
}

%mariana marco 2012
@article{Prill+2010,
    	author = {Robert Prill and Daniel Marbach and Julio Saez-Rodriguez and Peter Sorger and Leonidas Alexopoulos and Xiaowei Xue and Neil Clarke, Neil and Gregoire Altan-Bonnet and Gustavo Stolovitzky},
    	journal = {PLoS ONE},
    	publisher = {Public Library of Science},
    	title = {Towards a Rigorous Assessment of Systems Biology Models: The {DREAM3} Challenges},
   	year = {2010},
    	month = {02},
    	volume = {5},
    	pages = {e9202},
    	number = {2},
}  

%mariana ago 2011 (do antigo bioinfo.tex)
@Article{Promponas+2000, 
  author = 	 {Promponas, V. J. and Enright, A. J. and Tsoka, S. and Kreil, D. and Leroy, C. Hamodrakas, S. and Sander, C. and Ouzounis. C. A.}, 
  title = 	 {{biasdb/CAST}}, 
  journal = 	 {Bioinformatics}, 
  year = 	 {2000}, 
  volume =	 {16}, 
  number =	 {10}, 
  pages =	 {915--922}, 
  OPTmonth = 	 {}, 
  OPTnote = 	 {}, 
  OPTannote = 	 {} 
} 

% ana set 11
@incollection {Prothmann+2011,
   author = {Prothmann, Holger and Tomforde, Sven and Branke, J\"urgen and H\"ahner, J\"org and M\"uller-Schloer, Christian and Schmeck, Hartmut},
   title = {Organic Traffic Control},
   booktitle = {Organic Computing — A Paradigm Shift for Complex Systems},
   editor = {M\"uller-Schloer, Christian and Schmeck, Hartmut and Ungerer, Theo},
   publisher = {Springer Basel},
   isbn = {978-3-0348-0130-0},
   keyword = {Computer Science},
   pages = {431--446},
   url = {http://dx.doi.org/10.1007/978-3-0348-0130-0_28},
   doi = {10.1007/978-3-0348-0130-0_28},
   year = {2011}
}

% ana jan 12
@INPROCEEDINGS{Provost&Hennessy1996,
    author = {Foster John Provost and Daniel N. Hennessy},
    title = {Scaling Up: Distributed Machine Learning with Cooperation},
    booktitle = {Proceedings of the Thirteenth National Conference on Artificial Intelligence},
    year = {1996},
    pages = {74--79},
    publisher = {AAAI Press}
}

%Gabriel Ramos 16/08/2012
@Article{Pudjianto+2007,
   author =  {Pudjianto, D. and Ramsay, C. and Strbac, G.},
   title =   {Virtual power plant and system integration of distributed energy resources},
   journal = {Renewable Power Generation, IET},
   year =    {2007},
   volume =  {1},
   number =  {1},
   pages =   {10--16}
}

% Denise 02/2006
@book{Puterman2005,
   author =    {Martin L. Puterman},
   title =     {Markov Decision Processes: Discrete Stochastic Dynamic Programming},
   year =      {2005},
   series =    {Wiley Series in Probability and Statistics},
   publisher = {Wiley--Interscience},
   address =   {New York, NY, USA}
 }

@article{Pynadath&Tambe2002,
   author =  {David V. Pynadath and Milind Tambe},
   title =   {The Communicative Multiagent Team Decision Problem: Analyzing Teamwork Theories and Models},
   pages =   {389--423},
   journal = {Journal of AI research},
   volume =  {16},
   year =    {2002}
}

% robert 18-11-05
@inproceedings{Qinghui+1997,
   author =    {Qinghui, L. and Kwan, B.W. and Tung, L.J.},
   title =     {Traffic signal control using fuzzy logic},   booktitle = {Proceedings of the IEEE International Conference on  Systems, Man, and Cybernetics},
   year =      {1997},
   pages =     {1644--1649}
}

%mariana marco 2012
@article{Qiu+2009,
	Author = {Peng Qiu and Andrew J. Gentles and Sylvia K. Plevritis},
	Title = {Fast calculation of pairwise mutual information for gene regulatory network reconstruction},
	Journal = {Computer Methods and Programs in Biomedicine},
	Number = {2},
	Pages = {177--180},
	Volume = {94},
	Year = {2009},
}

% ana jul 10 (por Vinicius)
@article{Quijano&Passino2010,
	title = {Honey bee social foraging algorithms for resource allocation: Theory and application},
	journal = {Engineering Applications of Artificial Intelligence},
	volume = {23},
	number = {6},
	pages = {845-- 861},
	year = {2010},
	issn = {0952-1976},
	doi = {DOI: 10.1016/j.engappai.2010.05.004},
	url = {http://www.sciencedirect.com/science/article/B6V2M-506SX86-1/2/69c509bbb28e3a059479896b8536d7dc},
	author = {Nicanor Quijano and Kevin M. Passino}
}

@book{Quinlan1993, 
	author = {Quinlan, J. R.}, 
	title = {C4.5: Programs for Machine Learning}, 
	publisher = {Morgan Kaufmann}, 
	year = {1993} 
} 

@incollection{Raghavan1991,
   author =    {Raghavan, T.E.S.},
   title =     {Stochastic Games - An Overview},
   booktitle = {Stochastic Games and Related Topics},
   publisher = {Kluwer Academic Publishers},
   year =      {1991},
   pages =     {1--9},
   address =   {The Netherlands}
}

% ana jan. 07
@InProceedings{Rahwan+2007,
   author =    {Talal Rahwan and Sarvapali D. Ramchurn and Viet Dung Dang and Nicholas R. Jennings},
   title =     {Near-Optimal Anytime Coalition Structure Generation},
   booktitle = {Proc. of the Int. Joint Conf. on Art. Intelligence (IJCAI 07)},
   pages =     {2365--2371},
   year =      {2007},
   month =     {January},
   note =      {available at http://ijcai.org/proceedings07.php},
}

% boffo 11/2007
@INPROCEEDINGS{Rahwan+2007b,
   author = {T. Rahwan and S. D. Ramchurn and V. D. Dang and A. Giovannucci and N. R. Jennings},
   title = {Anytime optimal coalition struture generation},
   booktitle = {Proc. of the 22th National Conference on Artificial Intelligence},
   year = {2007},
   pages = {1184--1190},
   address = {Vancouver, Canada},
   publisher = {AAAI: Menlo Park, CA}
}

% Fernando 03/2009
@article{Rahwan&Jennings2007,
   author =  {Talal Rahwan and N. R. Jennings},
   title =   {An Algorithm for Distributing Coalitional Value Calculations among Cooperating Agents},
   volume =  {171},
   number =  {8-9},
   year =    {2007},
   pages =   {535--567},
   journal = {Artificial Intelligence Journal}
}

% Ana (por Vinicius) 01/2010
@article{Ramalingam&Reps1996,
    author = {G. Ramalingam and Thomas Reps},
    title = {On the Computational Complexity of Dynamic Graph Problems},
    journal = {Theoretical Computer Science},
    year = {1996},
    volume = {158},
    pages = {233--277}
}

% Fernando 12/2008
@misc{Ramchurn+2008,
   author = {Ramchurn, Gopal and Vetsikas, Yannis and Ito, Nobuhiro},
   title =  {Rescue Simulation League -- Agent Competition: Rules and Setup},
   month =  {June},
   year =   {2008},
   url =    {http://www.robocuprescue.org/wiki/images/Rules2008-draft.pdf}
}

%Gabriel Ramos 16/08/2012
@Article{Ramchurn+2011,
   author =  {Sarvapali Ramchurn and Perukrishnen Vytelingum and Alex Rogers and Nick Jennings},
   title =   {Putting the ``Smarts'' into the Smart Grid: A Grand Challenge for Artificial Intelligence},
   journal = {Communications of the ACM},
   year =    {2012},
   volume =  {55},
   number =  {4},
   pages =   {86--97}
}

%mariana fevereiro 2012
@article{Ranawana&Palade2005,
	author = {Ranawana, Romesh and Palade, Vasile},
	title = {A neural network based multi-classifier system for gene identification in DNA sequences},
	journal = {Neural Comput. Appl.},
	volume = {14},
	issue = {2},
	month = {July},
	year = {2005},
	pages = {122--131},
	numpages = {10},
	publisher = {Springer-Verlag},
	address = {London, UK},
} 

%Daniel 04/2011
@INPROCEEDINGS{Rand2006,
   author = {Rand, William},
   title = {Machine learning meets agent-based modeling: when not to go to a bar},
   booktitle = {Proceedings of the Agent 2006 Conference on Social Agents: Results and Prospects},
   year = {2006},
   pages = {51--58},
   address = {Chicago, IL, USA},
}  

% boffo 12/2006
@INPROCEEDINGS{Randall2004,
   author =    {Randall, M.},
   title =     {Heuristics for ant colony optimisation using the generalised assignment problem},
   booktitle = {Proc. of the {IEEE} Congress on Evolutionary Computation},
   year =      {2004},
   volume =    {2},
   pages =     {1916--1923},
   address =   {Orlando, USA},
   publisher = {IEEE Computer Society}
}

@inproceedings{Rao&Georgeff1991,
   author =    {Rao, A. and Georgeff, M.},
   title =     {Modeling rational agents within a {BDI} Architecture},
   booktitle = {Proceedings of the International Conference on Principles of Knowledge Representation and Reasoning},
   year =      {1991},
   pages =     {473--484}
}

@INPROCEEDINGS{Rao1996,
   AUTHOR =    {Rao, A. S.},
   TITLE =     {{AgentSpeak(L): BDI} Agents Speak Out in a Logical Computable Language},
   BOOKTITLE = {Seventh European Workshop on Modelling Autonomous Agents in a Multi-Agent World},
   ADDRESS =   {Eindhoven, The Netherlands},
   EDITOR =    {Rudy van Hoe},
   YEAR =      {1996}
}

@book{Rasmusen1989,
   author =    {Rasmusen, E.},
   title =     {Games and Information: an Introduction to Game Theory},
   publisher = {University Press, Cambridge},
   year =      {1989},
   note =      {352 pp.}
}

%denise 07/07
@INPROCEEDINGS{Rathod&desJardins2004,
   author     = {Priyang Rathod and Marie des Jardins},
   title      = {Stable Team Formation Among Self-Interested Agents},
   booktitle  = {Proceedings of the {AAAI} Workshop on Forming and Maintaing Coalitions in Adaptive Multiagent Systems},
   pages      = {29--36}, 
   year       = {2004},
   publisher  =	{Menlo Park, USA, AAAI},
}

% ana ago 2008
@Article{Ratnieks+2006,
author = {Francis L. W. Ratnieks and Â­Kevin R. Foster and Â­Tom Wenseleers},
title = {Conflict Resolution in Insect Societies},
journal = {Annual Review of Entomology},
year = {2006},
volume = {51},
OPTnumber = {},
pages = {581--608},
OPTmonth = {}
}

%mariana ago 2011 (do antigo bioinfo.tex)
@article{ Razin+1998, 
 AUTHOR = {Razin, S. and Yogev, D. and Naot, Y.}, 
 TITLE = {Molecular biology and pathogenicity of mycoplasmas}, 
 JOURNAL = {Microbiol Mol Biol Rev}, 
 VOLUME = {62}, 
 PAGES = {1094--1156}, 
 YEAR =	1998 
} 

@book{Rechenberg1972,
   author =    {Rechenberg, I.},
   title =     {Evolutionsstrategie},
   publisher = {Friedrich Fromman Verlag},
   year =      {1972},
   address =   {Stuttgart}
}

%mariana ago 2011 (do antigo bioinfo.tex)
@article{Reese+2000,
 author = {Reese, M. and others},
 title = {Genome annotation assessment in {\emph{Drosophila melanogaster}}},
 journal = {Genome Research},
 volume = {10},
 number = {4},
 pages = {483--501},
 year = {2000}
}

%Paulo Becker, 31/08/05
@Article{Reiter1980,
   author =  {Reiter, R.},
   title =   {A Logic for Default Reasoning},
   journal = {Artificial Intelligence},
   year =    {1980},
   volume =  {13},
   number =  {1--2},
   pages =   {81--132},
   month =   {May},
}

@article{Reiter1987,
   author =  {Reiter, R.},
   title =   {A Theory of Diagnosis from First Principles},
   journal = {Artificial Intelligence},
   year =    {1987},
   volume =  {32},
   number =  {1},
   pages =   {57--95},
   month =   {April},
   address = {Amsterdam},
   publisher={Elsevier}
}

@inproceedings{Reiter+1993,
   author =    {Reiter, U. and Theis, C. and Vortisch, P.},
   title =     {Mikroskopische Simulation des Verkehrsflusses mit MISSION},
   booktitle = {8. Symposium Simulationstechnik (Berlin)},
   year =      {1993},
   publisher = {Vieweg-Verlag},
   address =   {Braunschweig}
}

@book{Rembold+1993,
   author =   {Rembold, U. and Nnaji, B.O. and Storr, A.},
   title =    {Computer Integrated Manufacturing and Engineering},
   publisher= {Addison-Wesley},
   year =     {1993},
   address =  {Wokingham, England},
   note =     {640 pp.}
}

%Mariana marco 2011
@incollection{Repsilber+2002,
   author =    {Repsilber, D. and  Liljenstrom, H. and Andersson S. G. E. },
   title =     {Reverse engineering of regulatory networks: simulation studies on a genetic algorithm approach for ranking hypotheses},
   booktitle = {BioSystems},
   publisher = {Elsevier},
   year =      {2002},
   volume =    {66},
   number = {1--2},
   pages =     {31--41}
}

% Fabiana - 18/10/2005
@InProceedings{Resnick+1994,
   author =    {Resnick, P. and Iacovou, N. and Suchak, M. and Bergstrom, P. and Riedl, J.},
   title =     {GroupLens: An open architecture for collaborative filtering of netnews},
   booktitle = {Proceedings ACM Conference on Computer-Supported Cooperative Work},
   year =      {1994},
   pages =     {175-186}
}

%daniela 10/2008
@inproceedings{Reynolds1987,
   author    = {Craig W. Reynolds},
   title     = {Flocks, herds and schools: A distributed behavioral model},
   booktitle = {Proceedings of the 14th annual conference on Computer graphics and interactive techniques},
   year      = {1987},
   pages     = {25--34},
   publisher = {ACM},
   address   = {New York, NY, USA}
 }

% fabiana - 02/06/2008
@article{Ricci2002,
  author =  {Francesco Ricci},
  title =   {Travel recommender Systems},
  journal = {IEEE Intelligent Systems},
  year =    {2002},
  volume =  {17},
  number =  {6},
  pages =   {55--57}
}

% Fabiana - 22/10/06
@InProceedings{Ricci+2003,
   author =    {Francesco Ricci and Adriano Venturini and Dario Cavada and Nader Mirzadeh and Dennis Blaas and Marisa Nones},
   title =     {Product Recommendation with Interactive Query Management and Twofold Similarity},
   booktitle = {5th International Conference on Case-Based Reasoning},
   year =      {2003},
   pages =     {479--493},
   editor =    {Agnar Aamodt and Derek Bridge and Kevin Ashley},
   address =   {Norway},
   month =     {June}
}

% Fabiana - 26/10/07
@INCOLLECTION{Ricci+2006,
  AUTHOR =       {Francesco Ricci  and Dario Cavada and Nader Mirzadeh and Adriano Venturini},
  TITLE =        {Case-based travel recommendations},
  BOOKTITLE =    {Destination Recommendation Systems: Behavioural Foundations and Applications},
  PUBLISHER =    {CABI},
  YEAR =         {2006},
  pages =        {67--93},
  editor =       {D. R. Fesenmaier and K.W. Woeber and H. Werthner}
}

@article{Rickert&Wagner1996,
   author =  {Rickert, M. and Wagner, P.},
   title =   {Parallel real--time implementation of large--scale, route--plan driven traffic simulations},
   journal = {J. of Mod. Phys},
   year =    {1996},
   volume =  {7},
   pages =   {133}
}

@article{Rickert+1996,
   author =  {Rickert, M. and Nagel, K. and Schreckenberg, M. and Latour, A.},
   title =   {Two Lane Traffic Simulation on Cellular Automata},
   journal = {Physica A},
   year =    {1996},
   volume =  {231},
   number =  {4},
   pages =   {534}
}

@INPROCEEDINGS{Rickert&Nagel1997,
   AUTHOR  =   {Rickert, M. and Nagel, K.},
   TITLE =     {Experiences with a simplified microsimulation for the {Dallas/Fort-Worth} area},
   BOOKTITLE = {International Journal of Modern Physics C},
   PUBLISHER = {World Scientific},
   YEAR =      {1997}
}

@book{Ridley1996,
   author =    {Ridley, M.},
   title =     {The Origins of Virtue},
   publisher = {Viking Press},
   year =      {1996},
   address =   {London},
   note =      {304 pp.}
}

% Anderson Rocha 05/12/2011
@inproceedings{Rieck+2010,
  title={Efficient traffic simulator coupling in a distributed v2x simulation environment},
  author={Rieck, D. and Sch{\"u}nemann, B. and Radusch, I. and Meinel, C.},
  booktitle={Proceedings of the 3rd International ICST Conference on Simulation Tools and Techniques},
  pages={72},
  year={2010},
  organization={ICST (Institute for Computer Sciences, Social-Informatics and Telecommunications Engineering)}
}

%mariana ago 2011 (do antigo bioinfo.tex)
@TechReport{ Riedmiller&Braun1994, 
  author = {M. Riedmiller and H. Braun}, 
  title = {{RPROP} -- Description and Implementation Details}, 
  text = {M. Riedmiller and H. Braun. RPROP -- Description and Implementation Details. 
    Technical Report. Universit\"at Karlsruhe, 1994.}, 
  year = {1994}, 
  url = {citeseer.nj.nec.com/riedmiller94rprop.html} } 

%ana mar 2007
@inproceedings{Rigolli&Brady2005,
   author =    {Marco Rigolli and Michael Brady},
   title =     {Towards a behavioural traffic monitoring system},
   booktitle = {Proceedings of the fourth international joint conference on Autonomous agents and multiagent systems},
   year =      {2005},
   isbn =      {1-59593-093-0},
   pages =     {449--454},
   editor = {Frank Dignum and Virginia Dignum and Sven Koenig and Sarit Kraus and Munindar P. Singh and Michael Wooldridge},
   location =  {The Netherlands},
   doi =       {http://doi.acm.org/10.1145/1082473.1082542},
   publisher = {ACM Press},
   address =   {New York, NY, USA}
}

%daniel 05-09
@INCOLLECTION{Rindsfueser+2004,
 AUTHOR =       {G. Rindsf{\"u}ser and F. Kl{\"u}gl and J. Freudenstein},
 TITLE =        {Multi-Agent Simulation for the Generation of Individual Activity Programs},
 BOOKTITLE =    {Application of Agent Technology in Traffic and Transportation},
 PUBLISHER =    {Birkh{\"a}user},
 YEAR =         {2004},
 editor =       {F. Kl{\"u}gl and A. L. C. Bazzan and S. Ossowski},
 pages =        {165-180},
}

%Daniel  05/09
@TECHREPORT{Rindt+2002,
 AUTHOR =       {C. R. Rindt and J. E. Marca and M. G. McNally},
 TITLE =        {An Agent-based Activity Microsimulator Kernel Using a Negotiation Metaphor},
 INSTITUTION =  {Institute of Transportation Studies, University of California, Irvine, USA},
 YEAR =         {2002},
 source =       {UCI-ITS-SP-WP-02-7},
}

@techreport{Robertson1969,
   author =      {Robertson},
   title =       {{TRANSYT}: A Traffic Network Study Tool},
   institution = {Road Res. Lab.},
   year =        {1969},
   type =        {Rep. LR},
   number =      {253},
   address =     {London}
}

@ARTICLE{Robertson&Bretherton1991,
   AUTHOR =  {Dennis I. Robertson and R. David Bretherton},
   TITLE =   {Optimizing Networks of Traffic Signals in Real Time - The {SCOOT} Method},
   JOURNAL = {IEEE Transactions on Vehicular Technology},
   YEAR =    {1991},
   volume =  {40},
   number =  {1},
   pages =   {11--15},
   month =   {February}
}

@article{Robinson1992,
   author =  {Gene E. Robinson},
   title =   {Regulation of Division of Labor in Insect Societies},
   year =    {1992},
   journal = {Annual Review of Entomology},
   volume =  {37},
   pages =   {637--665},
}

%Fernando, 03/08/2008
@article{Robson&Traniello1998,
   author =  {Simon K. Robson and James F. A. Traniello},
   title =   {Resource Assessment, Recruitment Behavior, and Organization of Cooperative Prey Retrieval in the Ant \emph{Formica schaufussi} (Hymenoptera: Formicidae)},
   journal = {Journal of Insect Behavior},
   year =    {1998},
   volume =  {11},
   number =  {1},
   pages =   {1--22}
}

%ana mar. 2007
@InProceedings{Rochner+2006,
   author =    {Fabian Rochner and Holger Prothmann and J\"urgen Branke and Christian M\"uller-Schloer and Hartmut Schmeck},
   title =     {An Organic Architecture for Traffic Light Controllers},
   booktitle = {Proc. of the Informatik 2006 - Informatik f\"ur Menschen},
   pages =     {120--127},
   year =      {2006},
   editor =    {Christian Hochberger and R\"udiger Liskowsky},
   number =    {P-93},
   series =    {Lecture Notes in Informatics},
   publisher = {K\"ollen Verlag}
}

% Denise 05/2006
@book{Roess+2004,
   author =    {Roger P. Roess and Elena S. Prassas and William R. McShane},
   title  =    {Traffic Engineering},
   year   =    {2004},
   pages  =    {816},  
   edition =   {3},	
   adress =    {New Jersey},
   publisher = {Prentice Hall}
}

%Daniela 05/2007
@book{Romesburg2004,
   author =    {Romesburg, H. C.},
   publisher = {Lulu Press},
   title =     {Cluster Analysis for Researchers},
   address =   {North Carolina},
   pages =     {344},
   year =      {2004}
}

@InProceedings{Roos+2003,
   author =    {Nico Roos and Annette ten Teije and Cees Witteveen},
   title =     {A Protocol for Multi-Agent Diagnosis with Spatially Distributed Knowledge},
   booktitle = {Proceedings of the 2nd International Joint Conference on Autonomous Agents and Multiagent Systems},
   pages =     {655--661},
   year =      {2003},
   volume =    {1},
   address =   {Melbourne},
   month =     {July},
   publisher = acm
}

%Daniel 03-09
@Article{Roozemond2001,
 author={Roozemond, Danko A.},
 title={Using intelligent agents for pro-active, real-time urban intersection control},
 journal={European Journal of Operational Research},
 year=2001,
 volume={131},
 number={2},
 pages={293--301},
 month={June}
}

@inproceedings{Rosenschein&Genesereth1985,
   author =    {Rosenschein, J.S. and Genesereth, M.R.},
   title =     {Deals among Rational Agents},
   booktitle = {Proc. of the Nineth Int. Joint Conf. on Art. Intelligence},
   year =      {1985},
   pages =     {91--99}
}

@incollection{Rosenschein&Breese1989,
   author =    {Rosenschein, J.S. and Breese, J.S.},
   title =     {Communication--Free Interactions among Rational Agents: A Probabilistic Approach},
   booktitle = {Distributed Artificial Intelligence},
   publisher = {Pitman/Morgen Kaufmann},
   year =      {1989},
   editor =    {L. Gasser and M.N. Huhns},
   volume =    {2},
   chapter =   {5},
   pages =     {99--118},
   address =   {London}
}

@book{Rosenschein&Zlotkin1994,
   author =    {Rosenschein, J.S. and Zlotkin, G.},
   title =     {Rules of Encounter},
   publisher = {The MIT Press},
   year =      {1994},
   address =   {Cambridge (MA)},
   optnote =      {229 pp.}
}

%maicon junho 2012
@article{Rosenthal1973,
  volume = {2},
  title = {A class of games possessing pure-strategy {Nash} equilibria},
  author = {R. W. Rosenthal},
  pages = {65-67},
  year = {1973},
  journal = {International Journal of Game Theory},
}

%mariana ago 2011 (do antigo bioinfo.tex)
@book{ Ross1992, 
 AUTHOR = {Ross, R. F.}, 
 TITLE = {Mycoplasmal diseases}, 
 optPUBLISHER = {}, 
 EDITION = {7th}, 
 PAGES = {537--551}, 
 YEAR =	1992 
} 

@inproceedings{Rossetti+2000att,
   author =    {Rossetti, R.J.F. and Liu, R. and Van Vliet, D. and Bampi, S. and Cybis, H.B.B.},
   title =     {Applying an agent-based approach to traffic modeling},
   booktitle = {Workshop on Agents in Traffic and Transportation (at Autonomous Agents)},
   year =      {2000},
   address =   {Barcelona},
   month =     {June}
}

@article{Rossetti+2000ieee,
   author =  {Rossetti, R.J.F. and Liu, R. and Van Vliet, D. and Cybis, H.B.B.},
   title =   {An agent-based framework for the assessment of drivers' decision-making},
   journal = {IEEE Intelligent Transportation Systems},
   year =    {2000},
   note =    {Dearborn (MI), USA.}
}

%Daniel 16/06/08
@InCollection{Rossetti&Liu2004,
  AUTHOR =       {Rossetti, R. and Liu, R.},
  editor =       {F. Kl\"ugl and A. L. C. Bazzan and S. Ossowski},
  booktitle =        {Applications of Agent Technology in Traffic and Transportation},
  title =      {A dynamic network simulation model based on multi-agent systems},
  pages =        {88--93},
  PUBLISHER =    {Birkh\"aser},
  YEAR =         {2005}
}

% ana maio 08
@InCollection{Rosseti&Liu2005,
author = {Rosaldo Rossetti and Ronghui Liu},
editor = {Kl\"ugl, F. and Bazzan, A. L. C. and Ossowski, S. },
booktitle = {Applications of Agent Technology in Traffic and Transportation},
title = {A Dynamic Network Simulation Model Based on Multi-Agent Systems},
OPTchapter = {},
publisher = {Birkh\"auser},
year = {2005},
series = {Whitestein Series in Software Agent Technologies and Autonomic Computing  },
address = {Basel},
pages = {181--192}
}

%Daniel 03-09
% ana fev 2009
@inproceedings{Rossetti+2008,
title={Towards an Artificial Traffic Control System},
author={Rossetti, Rosaldo J. F. and Ferreira, Paulo A. F. and Braga, Rodrigo A. M. and Oliveira, Eugenio C.},
booktitle={Proc. of  the 11th International IEEE Conference on Intelligent Transportation Systems (ITSC 2008)},
year={2008},
month={Oct.},
pages={14--19},
doi={10.1109/ITSC.2008.4732719},
ISSN={978-1-4244-2111-4} 
}

%mariana ago 2011 (do antigo bioinfo.tex)
@article{ Rost&Sander1994, 
 AUTHOR = {Rost, B. and Sander, C.}, 
 TITLE = {Conservation and prediction of solvent accessibility in protein families}, 
 JOURNAL = {Proteins},	 
 VOLUME = {20}, 
 number = 3,
 PAGES = {216--226}, 
 YEAR = 1994 
} 

%mariana ago 2011 (do antigo bioinfo.tex)
@article{ Rost+1994, 
 AUTHOR = {Rost, B. and Sander, C. and Schneider, R.}, 
 TITLE = {PredictProtein}, 
 JOURNAL = {CABIOS}, 
 VOLUME = {10}, 
 PAGES = {53--60}, 
 YEAR = 1994 
} 
 
%mariana ago 2011 (do antigo bioinfo.tex)
@article{ Rost+1995, 
 AUTHOR = { Rost, B. and Casadio, R. and Fariselli, P. and Sander, C.}, 
 TITLE = {Transmembrane helices predicted at 95\% accuracy}, 
 JOURNAL = {Protein Sci}, 
 VOLUME = {4:3}, 
 PAGES = {521--533}, 
 YEAR = 1995 
} 

@INPROCEEDINGS{Roters+1998,
   AUTHOR =    {Roters, L. and L\"ubeck, S. and Usadel, K. D.},
   TITLE =     {The dynamical structure factor and critical behavior of a traffic flow model},
   BOOKTITLE = {Complexity and Fractals in the Sciences (1998)},
   YEAR =      {1998},
   EDITOR =    {M. M. Novak},
   PUBLISHER = {World Scientific},
   ADDRESS =   {Singapore},
   PAGES =     {261}
}

@article{Roth1966,
   author =  {Roth, J.P.},
   title =   {Diagnosis of Automata Failures: a Calculus and a Method},
   journal = {IBM Journal Of Research and Development},
   year =    {1966},
   volume =  {10},
   number =  {4},
   pages =   {278--291},
   month =   {July},
   note =    {New York}
}

@article{Roth&Erev1995,
   author =  {Roth, A. E. and I. Erev},
   title =   {Learning in extensive form games: experimental data and simple dynamic models in the intermediate term},
   journal = {Games Econ. Behav},
   year =    {1995},
   volume =  {8},
   pages =   {164--212}
}

% ana jan. 07
@article{Rothkopf+1998,
   author =  {M. H. Rothkopf and A. Pekec and R. M. Harstad},
   title =   {Computationally manageable combinatorial auctions},
   journal = {Management Science},
   volume =  {44},
   number =  {8},
   pages =   {1131--1147},
   year =    {1998}
}

% ana out 11
@article{Roughgarden&Tardos2002,
  author    = {Tim Roughgarden and              {\'E}va Tardos},
  title     = {How bad is selfish routing?},
  journal   = {J. ACM},
  volume    = {49},
  number    = {2},
  year      = {2002},
  pages     = {236--259}
}

% ana jun 08
@inproceedings{Rozenfeld&Tennenholz2007,
  author    = {Ola Rozenfeld and
               Moshe Tennenholtz},
  title     = {Routing Mediators},
  booktitle = ijcai,
  year      = {2007},
  pages     = {1488-1493}
}

@article{Rubinstein1986,
   author =  {Rubinstein, A.},
   title =   {Finite Automata Play the Repeated Prisoner's Dilemma},
   journal = {Journal of Economic Theory},
   year =    {1986},
   volume =  {39},
   pages =   {83--96}
}

% Denise (06/2005)
@book{Russell&Norvig1995,
   author =    {Russel, S. and Norvig, P.},
   title =     {Artificial Intelligence: A Modern Approach},
   publisher = {Prentice-Hall},
   pages =     {932},
   year =      {1995}
}

%Fernando 15/08/2007
@book{Russell&Norvig2003,
   author =	 {Stuart Russell and Peter Norvig},
   title =	 {Artificial Intelligence: A Modern Approach},
   publisher =	 {Prentice-Hall},
   year =	 {2003},
   edition =	 {Second},
   pages =       {1081},
   address =     {Upper Saddle River, N.J}
}

%Denise 03/2009
%coloquei esta entrada para a citacao da traducao da segunda edicao
@book{Russell&Norvig2004,
   author =      {Stuart Russell and Peter Norvig},
   title =       {Intelig\^encia Artificial},
   publisher =   {Campus},
   year =        {2004},
   note =     {Tradu\c c\~ao da segunda edi\c c\~ao},
   pages =       {1021},
   address =     {Rio de Janeiro, RJ}
}

%ana mar 2011
@InProceedings{Rybicki+2007,
  author = 	 {Jedrzej Rybicki and Bj\"orn Scheuermann and Wolfgang Kiess and Christian Lochert and Pezhman Fallahi and Martin Mauve},
  title = 	 {Challenge: Peers on Wheels -- A Road to New Traffic Information Systems},
  booktitle = {MobiCom~'07: Proceedings of the 13th Annual ACM International Conference on Mobile Computing and Networking},
  year = 2007,
  location = {Montreal, QC, Canada},
  pages = 	 {215--221},
}

%ana mar 2011
@InProceedings{Rybicki+2009,
    author = {Jedrzej Rybicki and Bj\"orn Scheuermann and Markus Koegel and Martin Mauve},
    title  = {{PeerTIS - A Peer-to-Peer Traffic Information System}},
  booktitle = {VANET~'09: Proceedings of the 6th ACM International Workshop on VehiculAr Inter-NETworking},
  year = 2009,
  location = {Beijing, China},
    pages  = {23--32},
}

%ana mar 2011
@article{Rybicki+2011,
author = {Jedrzej Rybicki and Bj{\"o}rn Scheuermann and Martin Mauve},
title = {Peer-to-Peer Data Structures for Cooperative Traffic Information Systems},
journal = {Elsevier Pervasive and Mobile Computing, Special Issue on Vehicular Sensor Networks and Mobile Sensing over Wide-Scale Deployment Environments},
volume = {7},
number = {1},
year = {2011},
note = {Submitted for publication},
}

%ana mar 2011
@PhdThesis{Rybicki2011,
  author = 	 {Jedrzej Rybicki},
  title = 	 {Cooperative Traffic Information Systems Based on Peer-to-Peer Networks},
  school = 	 {Mathematisch-Naturwissenschaftlichen Fakult\"at
der Heinrich-Heine-Universit\"at D\"usseldorf},
  year = 	 {2011}
}

