@article{Busoniu+2008,
  title={A comprehensive survey of multiagent reinforcement learning},
  author={Bu\c{s}oniu, L. and Babuska, R. and De Schutter, B.},
  journal={Systems, Man, and Cybernetics, Part C: Applications and Reviews, IEEE Transactions on},
  volume={38},
  number={2},
  pages={156--172},
  year={2008},
  publisher={IEEE}
}

@inproceedings{Sen+1994,
  title={Learning to coordinate without sharing information},
  author={Sen, S. and Sekaran, M. and Hale, J.},
  booktitle={Proceedings of the National Conference on Artificial Intelligence},
  pages={426--426},
  year={1994},
  organization={JOHN WILEY \& SONS LTD}
}