%FAVOR IDENTIFICAR-SE NAS INSERCOES (NOME E MES/ANO)

@book{Sachs1988,
   author =    {Sachs, L.},
   title =     {Statistische {M}ethoden: {P}lanung und {A}uswertung},
   publisher = {Springer},
   year =      {1988}
}

%Mariana mar√ßo 2011
@incollection{Sachs+2005,
  author = {Sachs, Karen and Perez, Omar and Pe'er, Dana and Lauffenburger, Douglas A.
	and Nolan, Garry P.},
  title = {Causal Protein-Signaling Networks Derived from Multiparameter Single-CellData},
  booktitle = {Science},
  year = {2005},
  volume = {308},
  pages = {523-529},
  number = {5721},
  month = {April}
}

@incollection{Sadrieh1998,
   author =    {Sadrieh, A.},
   title =     {The Alternating Double Auction Market. A Game Theoretic and Experimental Investigation},
   booktitle = {Lecture Notes in Economics and Mathematical Systems},
   publisher = {Springer-Verlag},
   year =      {1998},
   editor =    {Fandel, G. and Trockel, W.},
   number =    {466},
   series =    {Lecture Notes in Economics and Mathematical Systems},
   address =   {Berlin - Heidelberg - New York}
}

%Daniel 05/09
@INPROCEEDINGS{Sahli+2008,
 AUTHOR =       {N. Sahli and M. Mekni and B. Moulin},
 TITLE =        {A Multi-Agent Geo-Simulation Approach for the Identification of Risky Areas for Trains},
 BOOKTITLE =    {Proceedings of the 5th Workshop on Agents in Traffic and Transportation, at AAMAS 2008, May, 13th, Estoril, Portugal},
 YEAR =         {2008},
 editor =       {A. L. C. Bazzan and F. Kl{\"u}gl and S. Ossowski},
 pages =        {110-117},
}

%mariana ago 2011 (do antigo bioinfo.tex)
@inproceedings{ Sakata+2000, 
 AUTHOR = {Sakata, K. and Nagasaki, H. and Idonuma, A. and Watanabe, W. and Kise, M. and Sasaki, 	   T.}, 
 TITLE = {{RiceHMM}: gene domain prediction program for rice genome sequence}, 
 BOOKTITLE = {Abstracts of 4th Annual Conference on Computational Genomics}, 
 PAGES = {31}, 
 YEAR = 2000 
} 

% Monireh - 07/2011
@InProceedings{Salkham+2008,
  author =       {Salkham, A. and Cunningham, R. and Garg, A. and Cahill, V.},
  title =        {A Collaborative Reinforcement Learning Approach to Urban Traffic Control Optimization},
  booktitle =    {Proc. of International Conference on Web Intelligence and Intelligent Agent Technology},
  publisher =    {IEEE},
  year =         {2008},
  pages =        {560--566},
}

%mariana ago 2011 (do antigo bioinfo.tex)
@Article{Salzberg+1998, 
  author = 	 {S. Salzberg and A. Delcher and S. Kasif and O. White}, 
  title = 	 {Microbial gene identification using interpolated {M}arkov models}, 
  journal = 	 {Nucleic Acids Research}, 
  year = 	 {1998}, 
  volume = 	 {26}, 
  number = 	 {2}, 
  pages = 	 {544--548} 
} 

% Samuel 06/11/2008
@Book{Samet1990,
   author = {Samet, H.},
   title = {The desing and analysis of spatial data structures},
   publisher = {Addison Wesley},
   year = {1990},
   edition = {2}
}

%mariana junho/2011
@techreport{Sanchez&deVilla2008,
  author = {Alex S\'anchez and M. Carme Ru\'iz de Villa},
  title = {A {T}utorial {R}eview of {M}icroarray {D}ata {A}nalysis},
  institution = {Departament d'Estad\'istica - Universitat de Barcelona},
  year = {2008},
}

%mariana ago 2011 (do antigo bioinfo.tex)
@article{Sander&Schneider1991, 
 AUTHOR = {Sander, C. and Schneider, R. }, 
 TITLE = {{MaxHom}}, 
 JOURNAL = {Proteins}, 
 VOLUME = {9}, 
 PAGES = {56--69}, 
 YEAR = 1991 
} 

% ana jan 12
@book{Sandholm2010,
    author = {Sandholm, William H.},
    howpublished = {Hardcover},
    isbn = {0262195879},
    publisher = {The MIT Press},
    title = {Population Games and Evolutionary Dynamics},
    year = {2010}
}

% Ana (por Vinicius) 16/06/2010
@ARTICLE{Sandholm&Crites1995,
   author = {Tuomas W. Sandholm and Robert H. Crites},
   title = {Multiagent Reinforcement Learning in the Iterated Prisoner's Dilemma},
   journal = {Biosystems},
   year = {1995},
   volume = {37},
   pages = {147--166}
}

@article{Sandholm&Lesser1997,
   author =  {Tuomas W. Sandholm and Victor R. Lesser},
   title =   {Coalitions among computationally bounded agents},
   journal = {Artificial Intelligence},
   year =    {1997},
   volume =  {94},
   number =  {1--2},
   pages =   {99--137},
   month =   {July}
}

% ana jan. 07
@article{Sandholm+1999,
   author =  {Tuomas Sandholm and Kate Larson and Martin Andersson and Onn Shehory and Fernando Tohm\'e},
   title =   {Coalition Structure Generation with Worst Case Guarantees},
   journal = {Artificial Intelligence},
   volume =  {111},
   number =  {1--2},
   year =    {1999},
   pages =   {209--238}
}

% ana jan. 07
@article{Sandholm2002,
   author =  {Tuomas Sandholm},
   title =   {Algorithm for optimal winner determination in combinatorial auctions},
   journal = {Artificial Intelligence},
   volume =  {135},
   number =  {1--2},
   year =    {2002},
   pages =   {1--54}
}

%denise 08/2007
@ARTICLE{Sandholm2007,
  author =  {Tuomas Sandholm},
  title =   {Perspectives on Multiagent Learning},
  journal = {Artificial Intelligence},
  year =    {2007},
  volume =  {171},
  pages =   {382--391},
  number =  {7},
  month =   {May},
  editor =  {Rakesh Vohra and Michael Wellman},
  address = {Essex, UK},
  publisher = {Elsevier Science},
  url =     {http://www.sciencedirect.com/science/article/B6TYF-4NCJCWW-4/2/aa883aefdf4da4ca3869354e33081bca}
}

%mariana, fevereiro 2012
@mastersthesis{Santos2008,
	author =  {Araken de Medeiros Santos},
	title =   {Uma An\'alise da aplica\c c\~ao do Modelo de Rede Neural {RePART} em Comit\^es de Classificadores},
	school =  {Departamento de Inform\'atica e Matem\'atica Aplicada, Centro de Ci\^encias Exatas e da Terra, Universidade Federal do Rio Grande do Norte},
	year =    {2008},
	type =    {Disserta\c c\~ao de Mestrado em Sistemas e Computa\c c\~ao},
}

% Ana (por Vinicius) 01/2010
@article{Santos+2008,
   author = {Santos, Francisco C. and Santos, Marta D. and Pacheco, Jorge M.},
   doi = {10.1038/nature06940},
   journal = {Nature},
   keywords = {cooperation, diversity, goods, public},
   month = {July},
   number = {7201},
   pages = {213--216},
   title = {Social diversity promotes the emergence of cooperation in public goods games},
   url = {http://dx.doi.org/10.1038/nature06940},
   volume = {454},
   year = {2008}
}

%mariana fevereiro 2012
@article{Saranli&Demirekler2001,
	author = {A. Saranli and M. Demirekler},
	journal = {Pattern Recognition},
	pages = {865--884},
	title = {A Statistical Unified Framework for Rank-Based Multiple Classifier Decision Combination},
	volume = {34},
	number = {4},
	year = {2001}
}


% Fabiana - 02/2008
@InProceedings{Sarwar+2001,
  author =   {Sarwar and George Karypis and Joseph Konstan and John Riedl },
  title =    {Item-based Collaborative Filtering Recommendation Algorithms},
  booktitle ={Proceedings of WWW10 Conference},
  pages =    {285-295},
  year =     2001,
  address =  {Hong Kong},
  month =    {May 1-5},
  publisher ={ACM}
}

@article{Sastry+1994,
   author =  {Sastry, P.S. and V.V. Phansalkar and M.A.L. Thathachar},
   title =   {Decentralized Learning of Nash Equilibria in Multi-Person Stochastic Games with Incomplete Information.},
   journal = {IEEE Trans. on Systems, Man and Cybernetics},
   year =    {1994},
   volume =  {24},
   pages =   {769--777}
}

@incollection{Sathi&Fox1989,
   author =    {Sathi, A. and Fox, M.},
   title =     {Constraint-Directed Negotiation of Resources Reallocations},
   booktitle = {Distributed Artificial Intelligence},
   publisher = {Pitman},
   year =      {1989},
   editor =    {Gasser, L. and Huhns, M.},
   volume =    {2},
   pages =     {163--194},
   address =   {London}
}

%Paulo ferreira nov 2005
@inproceedings{Scerri+2005,
   author =    {Paul Scerri and Alessandro Farinelli and Steven Okamoto and Milind Tambe},
   title =     {Allocating tasks in extreme teams},
   booktitle = {Proc. of the Fourth International Joint Conference on Autonomous Agents and Multiagent Systems},
   year =      {2005},
   isbn =      {1-59593-093-0},
   editor =    aamas05eds,
   pages =     {727--734},
   location =  {Utrecht, The Netherlands},
   doi =       {http://doi.acm.org/10.1145/1082473.1082584},   
   publisher = {ACM Press},
   address =   {New York, USA}
}

@article{Schadschneider1999,
   author =  {Schadschneider, A.},
   title =   {The {Nagel-Schreckenberg} Model Revised},
   journal = {Euro. Phys. J. B},
   year =    {1999},
   volume =  {10},
   pages =   {573--582}
}

%TOYAMA
@Article{Schadschneider2002,
   author =  {Schadschneider, Andreas},
   title =   {Traffic flow: a statistical physics point of view},
   journal = {Physica A},
   year =    {2002},
   volume =  {313},
   number =  {1--2},
   pages =   {153--187},
   month =   {October}
}

% TOYAMA
@inproceedings{Schadschneider2002a,
   author =    {Schadschneider, A.},
   title =     {Cellular Automaton Approach to Pedestrian Dynamics - Theory},
   booktitle = {Pedestrian and Evacuation Dynamics},
   year =      {2002},
   isbn =      {3-540-42690-6},
   pages =     {75--85},
   location =  {K\"oln,Germany},
   editor =    {M. Schreckenberg and S. Deo Sharma},
   publisher = {Springer-Verlag}
}

@ARTICLE{Schadschneider&Schreckenberg1997phys6,
   AUTHOR =  {Schadschneider,A. and Schreckenberg, M.},
   TITLE =   {Traffic Flow Models with \'{ }Slow-to-start\'{ } Rules},
   JOURNAL = {Ann. Physik},
   VOLUME =  {6},
   PAGES =   {541},
   YEAR =    {1997}
}

%atualizado por Denise em 07/2008
@ARTICLE{Schadschneider&Schreckenberg1997phys30,
   AUTHOR =  {Schadschneider, A. and Schreckenberg, M.},
   TITLE =   {Car-oriented Mean-field Theory for Traffic Flow Models},
   journal = {Journal of Physics A: Mathematical and General},
   volume =  {30},
   pages =   {69--75},
   number =  {4},
   YEAR =    {1997}
}

%DAniel 05/09
@INCOLLECTION{Schadschneider+2009,
 AUTHOR =       {A. Schadschneider and H. K{\"u}pfel and T. Kretz and C. Rogsch and A. Seyfried},
 TITLE =        {Fundamentals of Pedestrian and Evacuation Dynamics},
 BOOKTITLE =    {Multi-Agent Systems for Traffic and Transportation Engineering},
 PUBLISHER =    {IGI Global},
 address =      {Hershey, US},
 YEAR =         {2009},
 editor =       {A. L. Bazzan and F. Kl{\"u}gl},
 pages = {124-154},
 isbn = {978-1-60566-226-8}
}

%mariana ago 2011 (do antigo bioinfo.tex)
@inproceedings{Scharf+1994, 
 AUTHOR = {Scharf, M. and Schneider, R. and Casari, G. and Bork, P. and  Valencia, A. and            Ouzounis, C. and Sander, C.}, 
 BOOKTITLE = {Second International Conference on Intelligent Systems for 
          Molecular Biology}, 
 TITLE = {{GeneQuiz}: a workbench for sequence analysis}, 
 pages = {348-53},
 YEAR =	1994 
} 

@article{Schaerf+1995,
   author =  {Schaerf, A. and Shoham,Y. and Tennenholtz, M.},
   title =   {Adaptive Balancing Load: A Study in Multi-Agent Learning},
   journal = {Journal of Artificial Intelligence Research},
   year =    {1995},
   volume =  {2},
   pages =   {475--500}
}



% Fabiana - 18/10/2005
@Article{Schafer+2001,
   author =   {Schafer, J. and Konstan, J. and Riedl, J.},
   title =    {E-Commerce Recommendation Applications},
   journal =  {Data Mining and Knowledge Discovery},
   year =     {2001},
   volume =   {5},
   number =   {1/2},
   pages =    {115--153}
}

@book{Schelling1960,
   author =    {Schelling, T.C.},
   title =     {The Strategy of Conflict},
   publisher = {Harvard Univ. Press},
   year =      {1960},
   address =   {Cambridge, Mass.}
}

%Daniel 03-09
@inproceedings{Schepperle&Boehm2007,
 author    = {Heiko Schepperle and Klemens B{\"o}hm},
 title     = {Agent-Based Traffic Control Using Auctions},
 booktitle = {Proc. of the {CIA}},
 year      = {2007},
 pages     = {119--133},
 publisher = {Springer},
 ee        = {http://dx.doi.org/10.1007/978-3-540-75119-9_9}
}

%Daniel 03-09
@InCollection{Schepperle&Boehm2009,
author    = {Heiko Schepperle and Klemens B{\"o}hm},
editor = {Bazzan, A. L. C. and Kl\"ugl, F. },
booktitle = {Multi-Agent Systems for Traffic and Transportation},
title = {Valuation-Aware Traffic Control -- the Notion and the Issues},
publisher = {IGI Global},
year = {2009},
isbn= masttbkISBN,
address = {Hershey, PA},
pages = {218--239}
}

@incollection{Scherer1999,
   author =    {Scherer, K. R.},
   title =     {Appraisal theory},
   booktitle = {Handbook of Cognition and Emotion},
   publisher = {Wiley},
   year =      {1999},
   editor =    {Dalgleish, T. and Power, M.},
   pages =     {633--663},
   address =   {Chichester}
}

%ana mar 2011
@InProceedings{Scheuermann+2009,
author = {Bj\"orn Scheuermann and Christian Lochert and Jedrzej Rybicki and Martin Mauve},
title = {A Fundamental Scalability Criterion for Data Aggregation in
{VANETs}},
  booktitle = {MobiCom~'09: Proceedings of the 15th Annual ACM International Conference on Mobile Computing and Networking},
  year = 2009,
  location = {Beijing, China},
pages = {285--296},
}

@inproceedings{Schillo+2000,
   author =    {M. Schillo and K. Fischer and C. T. Klein},
   title =     {The micro-macro link in {DAI} and sociology},
   booktitle = {Proceedings of the Second International Workshop on Multi-agent Based Simulation},
   year =      {2000},
   isbn =      {3-540-41522},
   pages =     {133--148},
   location =  {Boston, Massachusetts},
   publisher = {Springer-Verlag}
}

@InProceedings{Schillo+2002,
   author =    {Schillo, M. and Fley, B. and Florian, M. and Hillebrandt, F. and Hinck, D.},
   title =     {Self-Organization in Multiagent Systems},
   booktitle = {Third International Workshop on Modelling Artificial Societies and Hybrid Organizations (MASHO)},
   year =      {2002}
}

%ana abril/2005
@Article{Schleiffer2002,
   author =  {Schleiffer, Ralf},
   title =   {Intelligent agents in traffic and transportation (Editorial)},
   journal = {trc},
   year =    {2002},
   volume =  {10},
   number =  {5--6},
   pages =   {325--329},
   month =   {November}
}

%mariana junho/2011
@article{Schlitt&Brazma2007,
  author = {Thomas Schlitt and Alvis Brazma},
  title = {Current approaches to gene regulatory network modelling},
  journal = {{BMC} Bioinformatics},
  year = {2007},
  volume = {8},
  number={S9},
  publisher = {BioMed Central Ltd.},
}

% ana set 11
@inproceedings{Schmeck2005,
  author    = {Hartmut Schmeck},
  title     = {Organic Computing - A New Vision for Distributed Embedded
               Systems},
  booktitle = {ISORC},
  year      = {2005},
  pages     = {201--203},
  isbn = {0-7695-2356-0},
  publisher = {IEEE Computer Society},
  address = {Los Alamitos, CA, USA},
}

%denise 07/2008
@article{Schreckenberg+1995,
  title = {Discrete stochastic models for traffic flow},
  author = {Schreckenberg, M.  and Schadschneider, A.  and Nagel, K.  and Ito, N. },
  journal = {Phys. Rev. E},
  volume = {51},
  number = {4},
  pages = {2939--2949},
  numpages = {10},
  year = {1995},
  month = {April},
  doi = {10.1103/PhysRevE.51.2939},
  publisher = {American Physical Society}
}

@book{Schreckenberg&Wolf1998,
   editor =    {Schreckenberg, M. and Wolf, D.E.},
   title =     {Traffic and Granular Flow 97},
   publisher = {Springer},
   year =      {1998}
}

% TOYAMA
@book{Schreckenberg&Sharma2002,
   author =    {Schreckenberg, M. and Sharma, S. D.},
   title =     {Pedestrian and Evacuation Dynamics},
   publisher = {Springer-Verlag},
   year =      {2002},
   address =   {Germany}
}

% Cassia
@Book{Schreckenberg&Selten2004,
   editor =    {Schreckenberg, Michael and Selten, Reinhard},
   title =     {Human Behaviour and Traffic Networks},
   publisher = {Springer},
   year =      {2004},
   note =      {318 p.},
   annote =    {ISBN: 3-540-21220-5}
}

%atualizado por Denise em 07/2008
@ARTICLE{Schreckenberg+2000,
   AUTHOR =  {Schreckenberg, M. and Neubert, L. and Wahle, J.},
   TITLE =   {Simulation of traffic in large road networks},
   JOURNAL = {Future Generation Computer Systems},
   YEAR =    {2000},
   volume =  {17},
   number =  {5},
   PAGES =   {649--657},
   publisher= {Elsevier}
} 

@mastersthesis{Schuetze1992,
   author = {Sch\"utze, B.},
   title =  {Qualitative {M}odellierung und {S}imulation von makroskopischen {V}erkehrgr\"ossen auf {S}treckenabschnitten},
   school = {Univ. Karlsruhe},
   year =   {1992}
}

% mariana - fevereiro 2012
@inproceedings{Schuller+2005,
	author =   {Bj\"orn Schuller and Stephan Reiter and Ronald M\"uller and Marc Al-Hames and Manfred Lang and Gerhard Rigoll},
	title =    {Speaker independent speech emotion recognition by ensemble classification},
	booktitle = {Proceedings of IEEE International Conference on Multimedia \& Expo},
	pages =    {864--867},
	year =     {2005},
	address =  {Amsterdam},
	publisher = {IEEE}
}


%paulo ferreira nov 2005
@article{Schulz+1998,
   author =  {David J. Schulz and Zhi-Yong Huang and Gene E. Robinson},
   title =   {Effects of colony food shortage on behavioral development in honey bees},
   year =    {1998},
   journal = {Behavioral Ecology and Sociobiology},
   pages =   {295--303},
   month = {May},
   number =  {42},
   volume = {5}
}

%Anderson Rocha set 2011
@inproceedings{Schumacher+2009,
    author = {Schumacher, Henrik and Priemer, Christian and Slottke, Eric N.},
    title = {A simulation study of traffic efficiency improvement based on Car-to-X communication},
    booktitle = {Proceedings of the sixth ACM international workshop on VehiculAr InterNETworking},
    series = {VANET '09},
    year = {2009},
    isbn = {978-1-60558-737-0},
    location = {Beijing, China},
    pages = {13--22},
    numpages = {10},
    url = {http://doi.acm.org/10.1145/1614269.1614274},
    doi = {http://doi.acm.org/10.1145/1614269.1614274},
    acmid = {1614274},
    publisher = {ACM},
    address = {New York, NY, USA},
    keywords = {car-to-x communication, simulation, traffic control, traffic efficiency optimization, vanet applications, vehicular networks},
} 

% Anderson Rocha - 17/04/2012
@article{Schunemann2011,
 author = {Sch\"{u}nemann, Bj\"{o}rn},
 title = {V2X simulation runtime infrastructure VSimRTI: An assessment tool to design smart traffic management systems},
 journal = {Comput. Netw.},
 issue_date = {October, 2011},
 volume = {55},
 number = {14},
 month = {october},
 year = {2011},
 issn = {1389-1286},
 pages = {3189--3198},
 numpages = {10},
 url = {http://dx.doi.org/10.1016/j.comnet.2011.05.005},
 doi = {10.1016/j.comnet.2011.05.005},
 acmid = {2025628},
 publisher = {Elsevier North-Holland, Inc.},
 address = {New York, NY, USA},
 keywords = {Simulation architecture, V2X, VSimRTI, Vehicle-2-X, Vehicular communication},
} 

@phdthesis{Schwefel1975,
   author = {Schwefel H.P.},
   title =  {{E}volutionsstrategie und numerische {O}ptimierung},
   school = {Universit\"at Berlin},
   year =   {1975}
}

%mariana ago 2011 (do antigo bioinfo.tex)
@inproceedings{Searls1995, 
 AUTHOR = {Searls, D. B.}, 
 TITLE = {{bioTk}: Componentry for genome informatics graphical user interfaces}, 
 BOOKTITLE ={COMBIS}, 
 VOLUME = {}, 
 PAGES = {}, 
 YEAR = 1995, 
 NOTE = {http://www.cbil.upenn.edu/~dsearls/bioTk\_paper/paper.html} 
} 

@book{Sebesta2000,
   author =    {Sebesta, Robert W.},
   title =     {Conceitos de Linguagens de Programa\c c\~ao},
   publisher = {Bookman},
   year =      {2000},
   address =   {Porto Alegre},
   edition =   {4}
}

@ARTICLE{Seeley+1991,
   AUTHOR =  {Seeley, D.T and Camazine, S. and Sneyd, J.},
   TITLE =   {Collective Decision-Making in Honey Bees: How Colonies Choose Nectar Sources},
   JOURNAL = {Behavioral Ecology and Sociobiology},
   YEAR =    {1991},
   volume =  {28},
   pages =   {277-290}
}

@inproceedings{Seghrouchni&Haddad1996,
   author =    {Seghrouchni, A. and Haddad, S.},
   title =     {A Coordination Algorithm for Multi-Agent Planning},
   booktitle = {Proc. of the {MAAMAW'96}},
   year =      {1996}
}

@incollection{Self1993,
   author =    {Self, J.},
   title =     {Model-Based Cognitive Diagnosis},
   booktitle = {User Modeling and User-Adapted Interaction},
   year =      {1993},
   volume =    {3},
   pages =     {89--106}
}

@incollection{Selten1996,
   author =    {Selten, R.},
   title =     {Lernrichtungstheorie},
   booktitle = {Vortrag aus {A}nla\ss der {E}hrenpromotion an der {U}niversit\"at {B}reslau},
   publisher = {Wydawnictwo Akademii Ekonomicznej im. Oskara Langegowe Wroclawiu},
   year =      {1996},
   address =   {Breslau}
}

@incollection{Selten&Buchta1999,
   author =    {Selten, R. and Buchta, J.},
   title =     {Experimental Sealed Bid First Price Auctions with Directly Observed Bid Functions},
   booktitle = {Games and Human Behavior: Essays in the Honor of Amnon Rapoport},
   publisher = {Lawrenz Associates},
   year =      {1999},
   editor =    {Budescu, D. and Erev, I. and Zwick, I.},
   address =   {Mahwah, NJ}
}

@incollection{Selten+2004,
   author =    {Selten, R. and Schreckenberg, M. and Pitz, T. and Chmura, T. and Wahle, J.},
   title =     {Experimental Investigation of Day-to-Day Route Choice-Behaviour},
   booktitle = {Human Behaviour and Traffic Networks},
   publisher = {Springer-Verlag},
   year =      {2004},
   pages =     {1--22},
   editor =    {Selten, R. and Schreckenberg, M.}
}

%Anderson Rocha fev 2012
@inproceedings{Sen+1994,
  title={Learning to coordinate without sharing information},
  author={Sen, S. and Sekaran, M. and Hale, J.},
  booktitle={Proceedings of the National Conference on Artificial Intelligence},
  pages={426--426},
  year={1994},
  organization={JOHN WILEY \& SONS LTD}
}

@incollection{Sengers1998,
   author =    {Sengers, P.},
   title =     {Narrative Intelligence},
   booktitle = {Human Cognition And Social Agent Technology},
   publisher = {John Benjamins Publishing Company},
   year =      {1998},
   editor =    {Dautenhahn, K.},
   volume =    {19},
   chapter =   {1},
   pages =     {1--26}
}

@InProceedings{Sen&Durfee1991,
   author =    {Sandip Sen and Edmund H. Durfee},
   title =     {A Formal Study of Distributed Meeting Scheduling},
   booktitle = {Conference on Organizational Computing Systems},
   pages =     {310--317},
   month =     {september},
   year=       {1991}
}

@MastersThesis{Serra2004,
   author = {Mauricio R. G. Serra},
   title =  {Aplica\c c\~oes de Aprendizagem por Refor\c co em Controle de Tr\'afego Veicular},
   school = {Universidade Federal de Santa Catarina},
   year =   {2004}
}

%% Boffo - 12/11/2007
@Article{Serugendo+2005,
   author =    {Giovanna Di Marzo Serugendo and Marie-Pierre Gleizes and Anthony Karageorgos},
   title =     {Self-organization in multi-agent systems},
   journal =   {Knowledge Engineering Review},
   volume =    {20},
   number =    {2},
   year =      {2005},
   issn =      {0269-8889},
   pages =     {165--189},
   doi =       {http://dx.doi.org/10.1017/S0269888905000494},
   publisher = {Cambridge University},
   address  =  {New York, NY, USA}
}

%mariana ago 2011 (do antigo bioinfo.tex)
@book{Setubal&Meidanis1997,
    author={J. C. Set\'ubal and J. Meidanis},
    title={Introduction to Computational Molecular Biology},
    publisher={PWS Publishing Company},
    year={1997}
}

% Denise - 05/10/09
@inproceedings{Shahaf+2009,
   title = {Learning Thin Junction Trees via Graph Cuts},
   author = {Dafna Shahaf and Anton Chechetka and Carlos Guestrin},
   booktitle = {In Artificial Intelligence and Statistics (AISTATS)},
   year = {2009},
   month = {April},
   address = {Clearwater Beach, Florida}
}

%% Bruno - 25/09/06, corrigido 27/04/06
@InProceedings{Shani+2005,
   author =      {Guy Shani and Ronen I. Brafman and Solomon E. Shimony},
   title =       {Model-based Online Learning of {POMDP}s},
   booktitle =   {ECML~2005: Proceedings of the 16th European Conference on Machine Learning},
   CONFaddress = {Porto, Portugal},
   series =      {LNAI},
   volume =      {3720},
   publisher =   {Springer},
   year =        {2005},
   pages =       {353--364}
}

%mariana marco 2012
@article{Shannon1948,
    author      = {Shannon, C. E.},
    title       = {A mathematical theory of communication},
    journal     = {Bell System Technical Journal},
    year        = {1948},
    volume      = {27},
    pages       = {379--423, 623--656},
    month       = {July, October}
}

@inproceedings{Shapley1953,
   author =    {Shapley, L.},
   title =     {A Value for n-Person Games},
   booktitle = {Contributions to the Theory of Games},
   year =      {1953},
   editor =    {Kuhn, H. and Tucker, A.},
   publisher = {University Press},
   address =   {Princeton},
   volume =    {2}
}

@incollection{Shaw&Whinston1989,
   author =    {Shaw, M.J. and Whinston, A.B.},
   title =     {Learning and Adaptation in Distributed Artificial Intelligence Systems},
   booktitle = {Distributed Artificial Intelligence},
   publisher = {Pitman},
   year =      {1989},
   editor =    {Gasser, L. and Huhns, M.},
   volume =    {2},
   pages =     {413--430},
   address =   {London}
}

@article{Shaw&Fox1993,
   author =  {Shaw, M.J. and Fox, M.S.},
   title =   {Distributed artificial intelligence for group decision support},
   journal = {Decision Support Systems},
   year =    {1993},
   number =  {9},
   pages =   {349--367}
}

%paulo ferreira set 2005
@article{Shehory+1998,
   author =  {Onn Shehory and Katia Sycara and Prasad Chalasani and Somesh Jha},
   title =   {Agent cloning: an approach to agent mobility and resource allocation},
   journal = {IEEE Communications Magazine},
   volume =  {36},
   number =  {7},
   pages =   {58--67},
   year =    {1998}
}

%denise 11/2007
@inproceedings{Shehory+1997,
   author =    {Onn Shehory and S. K. Sycara and Somesh Jha},
   title =     {Multi-agent Coordination through Coalition Formation},
   booktitle = {Intelligent Agents IV: Agent Theories, Architectures and Languages},
   year =      {1997},
   number =    {1365},
   pages =     {143--154},
   series =    lnai,
   publisher = {Springer}
}

%denise 08/2007
@ARTICLE{Shehory2004,
  author = 	{Onn Shehory},
  title = 	{Coalition Formation: Towards Feasible Solutions},
  journal = 	{Fundamenta Informaticae},
  year = 	{2004},
  volume = 	{63},
  pages = 	{107--124},
  number = 	{2--3},
  publisher =   {IOS Press},
  address = 	{Amsterdam, The Netherlands},
  issn = 	{0169-2968},
}

%denise 08/2007
@incollection{Shehory&Kraus1995,
   author = 	{Onn Shehory and S. Kraus},
   editor = 	{C. Castelfranchi and J. P. M\"uller},
   title = 	{Coalition formation among autonomous agents: strategies and complexity},
   booktitle = 	{From Reaction to Cognition},
   series = 	{Lecture Notes in Computer Science},
   number = 	{957},
   pages = 	{57--72},
   publisher = 	{Springer},
   address = 	{Berlin, Germany},	
   year = 	{1995}
}

% Daniela dezembro 2008
@INPROCEEDINGS{Shehory&Kraus1995ijcai,
   author =    {Shehory, O. and Kraus, S.},
   title =     {Task allocation via coalition formation among autonomous agents},
   booktitle = {Proceedings of the Fourteenth International Joint Conference on Artificial Intelligence},
   year =      {1995},
   pages =     {655--661},
   address =   {Montr\'eal, Canada},
   publisher = {Morgan Kaufmann}
}

% ana jan. 07
@article{Shehory&Kraus1998,
   author =  {Onn Shehory and Sarit Kraus},
   title =   {Methods for Task Allocation via Agent Coalition Formation},
   journal = {Artificial Intelligence},
   volume =  {101},
   number =  {1--2},
   year =    {1998},
   pages =   {165--200}
}

%Daniela 05/2007
@article{Shelokar+2004,
   title =   {An ant colony approach for clustering},
   author =  {Shelokar, P. S. and Jayaraman, V. K. and Kulkarni, B. D.},
   year =    {2004},
   journal = {Analytica Chimica Acta},
   volume =  {509},
   number =  {2},
   pages =   {187--195}
}

@article{Shen&Norrie1999,
   author =  {Shen, W. and Norrie, D.H.},
   title =   {Agent-Based Systems for Intelligent Manufacturing: A State-of-the-Art Survey},
   journal = {Knowledge and Information Systems, an International Journal},
   year =    {1999},
   volume =  {1},
   number =  {2},
   pages =   {129--156},
   month =   {May}
}

%Fernando (a pedido da prof. Bazzan) por Robert, 21/01/2008
@article{Shen&Yim2002,
   author =  {Shen, W. M. and Yim, M.},
   title =   {Self-reconfigurable robots},
   journal = {IEEE Transactions on Mechatronics},
   year =    {2002}
}

% ana jul 08
@InProceedings{Sherstov&Stone2005,
    author={Alexander A.\ Sherstov and Peter Stone},
    title={Improving Action Selection in {MDP}'s via Knowledge Transfer},
    booktitle={Proceedings of the Twentieth National Conference on Artificial Intelligence},
    month={July},
    year=2005
}

% samuel set 09
@incollection(Shertov&Stone2005,
        author={Sherstov, Alexander A. and Stone, Peter},
        title={Function Approximation via Tile Coding: Automating Parameter Choice},
        booktitle={SARA 2005},
        series={Lecture Notes in Artificial Intelligence},
        editor={Zucker, J.D. and Saitta, I.},
	volume={3607},
        Publisher={Springer Verlag},
        address={Berlin},
        year={2005},
	pages={194--205}
)

%Daniel 08/09
@article{Shi+2009,
title = {Preferential selection promotes cooperation in a spatial public goods game},
author = {Dong-Mei Shi and Han-Xin Yang and Mao-Bin Hu and Wen-Bo Du and Bing-Hong Wang and Xian-Bin Cao},
journal = {Physica A: Statistical Mechanics and its Applications},
volume = {388},
number = {21},
pages = {4646 - 4650},
year = {2009},
issn = {0378-4371},
doi = {DOI: 10.1016/j.physa.2009.07.031}
}

%mariana junho/2011
@incollection{Shipley2006,
  author = {Gregory L. Shipley},
  title = {An introduction to real-time PCR},
  booktitle = {Real-time PCR},
  publisher = {Taylor & Francis Group},
  year = {2006},
  chapter = {1},
  editor = {Tevfik Dorak},
}

% ana mar 11
@misc{Situngkir&Khanafiah2003,
   title = {Metabolism of Social System: N-Person Iterated Prisoner?s Dilemma Analysis In Random Boolean Network},
   author = {Hokky Situngkir and Deni Khanafiah},
   year = {2003},
   note = {http://cogprints.org/3494/},
}

%paulo ferreira jan 2006 
@article{Shmoys&Tardos1993,
   author =    {David B. Shmoys and V. Tardos},
   title =     {An approximation algorithm for the generalized assignment problem},
   journal =   {Mathematical Programming},
   volume =    {62},
   number =    {3},
   year =      {1993},
   issn =      {0025-5610},
   pages =     {461--474},
   publisher = {Springer-Verlag},
   address =   {Secaucus, USA}
}

%mariana junho/2011
@article{Shmulevich+2002,
  author = {Ilya Shmulevich and Edward R. Dougherty and Seungchan Kim and Wei Zhang},
  title = {Probabilistic {B}oolean networks: a rule-based uncertainty model for gene regulatory networks},
  journal = {Bioinformatics},
  volume = {18},
  number = {2},
  pages = {261--274},
  publisher = {Oxford University Press},
  year = {2002},
}

%mariana junho/2011
@incollection {Shmulevich+2003,
   author = {Ilya Shmulevich and Antti Saarinen and Olli Yli-Harja and Jaakko Astola},
   title = {Inference of {G}enetic {R}egulatory {N}etworks {V}ia {B}est--Fit {E}xtensions},
   booktitle = {Computational and Statistical Approaches to Genomics},
   editor = {Zhang, Wei and Shmulevich, Ilya},
   publisher = {Springer US},
   pages = {197--210},
   year = {2003},
}

%mariana junho/2011
@book{Shmulevich&Dougherty2010,
  author = {Ilya Shmulevich and Edward R. Dougherty },
  title = {Probabilistic {B}oolean {N}etworks: {T}he {M}odeling and {C}ontrol of {G}ene {R}egulatory {N}etworks},
  year = {2010},
  publisher = {Society for Industrial and Applied Mathematics},
  address = {Philadelphia, PA, USA},
}

% TOYAMA 07/2005
@InProceedings{Shnerb+2000,
   author =    {Shnerb, Nadav M. and Louzoun, Yoram and Bettelheim, Eldad and Solomon, Sorin},
   title =     {The importance of being discrete: Life always wins on the surface},
   booktitle = {Proceedings of the National Academy of Sciences of the United States of America},
   pages =     {10322--10324},
   year =      {2000},
   volume =    {97},
   number =    {19},
   month =     {September}
}

%ana jan 07
@Unpublished{Shoham+2003,
   author = {Yoav Shoham and Rob Powers and Trond Grenager},
   title =  {Multi-{A}gent Reinforcement Learning: a critical survey},
   note =   {Unpublished survey},
   year =   {2003}
}

%alt. denise 08/2007
%ana jan 07 
@Article{Shoham+2007,
   author =  {Yoav Shoham and Rob Powers and Trond Grenager},
   title =   {If multi-agent learning is the answer, what is the question?},
   journal = {Artificial Intelligence},
   volume =  {171},
   number =  {7},
   month =   {May},
   pages =   {365--377},
   editor =  {Rakesh Vohra and Michael Wellman},
   address = {Essex, UK},
   publisher={Elsevier Science},
   year =    {2007}
}

%Daniel 05/09
@BOOK{Shoham&Leyton-Brown2009,
 AUTHOR =       {Y. Shoham and K. Leyton-Brown},
 TITLE =        {Multiagent Systems: Algorithmic, Game-Theoretic, and Logical Foundations },
 PUBLISHER =    {Cambridge University Press},
 YEAR =         {2009},
 pages =        483,
}

@incollection{Sian1991,
   author =    {Sian, S.S.},
   title =     {Adaptation based on cooperative learning in multi-agent systems},
   booktitle = {Decentralized  A.I.},
   publisher = {North-Holland},
   year =      {1991},
   editor =    {Demazeau, Y. and M\"uller, J.P.},
   volume =    {2},
   pages =     {257--272}
}

% Fabiana - 13/dez/05
@inproceedings{Sichman+1992,
   author =    {Sichman, J.S. and Demazeau, Y. and Boissier, O.},
   title =     {When can knowledge-based systems be called agents?},
   booktitle = {XII Congresso da Sociedade Brasileira de Computacao},
   year =      {1992},
   pages =     {172--185}
}

%02/09/08 Daniel
@inproceedings{Siebra&Tate2003,
  author    = {C. Siebra and A. Tate},
  title     = {I-Rescue: A Coalition Based System to Support Disaster Relief Operations},
  booktitle = {Proceedings of the Third International Conference on Artificial Intelligence and Applications},
  year      = {2003},
  pages     = {}
}

% ana out 2008 
@InCollection{Siegel&White1975,
author = {Siegel, A. W. and S. H. White},
title = {The development of spatial representations of large-scale environments},
booktitle = {Advances in Child Development and Behavior},
pages = {9},
publisher = {Academic Press},
year = {1975},
editor = {H. W. Reese},
volume = {10},
OPTchapter = {},
OPTaddress = {},
OPTedition = {},
OPTmonth = {}
}

% Fabiana - 17/11/05
@InProceedings{Sierra+1997,
   author =    {Sierra, C. and Faratin, P. and Jennings, N.},
   title =     {A service-oriented negotiation model between autonomous agents},
   booktitle = {Lecture notes in Artificial Intelligence},
   year =      {1997},
   pages =     {17--35},
   volume =    {1237},
   publisher = {Macmillan Computer Publishing}
}

% Fernando - 15/08/2007
@inproceedings{Silaghi+Yokoo2006,
   author =    {Marius C. Silaghi and Makoto Yokoo},
   title =     {Nogood Based Asynchronous Distributed Optimization ({ADOPT ng})},
   booktitle = {Proceedings of the Fifth International Joint Conference on Autonomous Agents and Multiagent Systems},
   year =      {2006},
   isbn =      {1-59593-303-4},
   pages =     {1389--1396},
   location =  {Hakodate, Japan},
   doi =       {http://doi.acm.org/10.1145/1160633.1160894},
   publisher = {ACM Press},
   address =   {New York, NY, USA}
}

% Fernando - 12/12/2007
@inproceedings{Silaghi+Yokoo2007,
   author =    {Marius C. Silaghi and Makoto Yokoo},
   title =     {Revisiting ADOPT-ing and its Feedback Schemes},
   booktitle = {Proceedings of the IEEE Intl. Conf. on Intelligent Agent Technologies ({IAT})},
   year =      {2007},
   pages =     {3--10},
   month =     {November},
   address =   {Silicon Valley}
}

@inproceedings{Silveira&Viccari1997,
   author =    {Silveira, R.A. and Viccari, R.M.},
   title =     {Projeto Eletrotutor: Desenvolvimento e Avalia\c c\~ao de Ambientes Inteligentes de Ensino-Aprendizagem},
   booktitle = {XXIII Conferencia Latinoamericana de Inform\'atica},
   year =      {1997},
   number =    {23}
}

@book{Simon1947,
   author =    {Simon, H. A.},
   title =     {Administrative Behavior - A Study of Decision-Making Processes in Administrative Organization},
   publisher = {The Free Press},
   year =      {1947},
   address =   {New York},
   note =      {MacMillan, New York (first ed.)}
}

@book{Simon1957,
   author =    {Simon, H.A.},
   title =     {Models of the Man},
   publisher = {J. Wiley \& Sons},
   year =      {1957},
   address =   {New York}
}

@article{Simon1990,
   author =  {Simon, H.A.},
   title =   {A Mechanism for Social Selection and Successful Altruism},
   journal = {Science},
   year =    {1990},
   number =  {250}
}

@inproceedings{Sims2003,
   author =    {Sims, M. and Goldman, C. and Lesser, V.},
   title =     {Self-Organization through Bottom-up Coalition Formation},
   booktitle = {Proceedings of Second International Joint Conference on Autonomous Agents and MultiAgent Systems (AAMAS 2003)},
   year =      {2003},
   url =       {http://mas.cs.umass.edu/pub/paper_detail.php/238}
}

%% Bruno - 25/09/06 - corrigido 02/05/2007
@inproceedings{Singh1992aaai,
   author =    {Satinder P. Singh},
   title =     {Reinforcement Learning with a Hierarchy of Abstract Models},
   booktitle = {Proceedings of the Tenth National Conference on Artificial Intelligence (AAAI)},
   year =      {1992},
   pages =     {202--207}
}

% bruno 02/05/2007
@article{Singh1992ml,
   author =  {Satinder P. Singh},
   title =   {Transfer of Learning by Composing Solutions of Elemental Sequential Tasks},
   journal = {Machine Learning},
   volume =  {8},
   pages =   {323--339},
   year =    {1992}
}

% samuel 03/2009
@InProceedings{Singh1996,
    author = {Satinder P. Singh and Richard S. Sutton and P. Kaelbling},
    title = {Reinforcement learning with replacing eligibility traces},
    booktitle = {Machine Learning},
    year = {1996},
    pages = {123--158}
}

@article{Singh+2000,
  author    = {Satinder P. Singh and
               Tommi Jaakkola and
               Michael L. Littman and
               Csaba Szepesv{\'a}ri},
  title     = {Convergence Results for Single-Step On-Policy Reinforcement-Learning
               Algorithms},
  journal   = {Machine Learning},
  volume    = {38},
  number    = {3},
  year      = {2000},
  pages     = {287--308}
}

%% Bruno - 25/09/06
@inproceedings{Singh+2004,
   author =    {Satinder Singh and Michael R. James and Matthew R. Rudary},
   title =     {Predictive state representations: a new theory for modeling dynamical systems},
   booktitle = {UAI '04: Proceedings of the 20th conference on Uncertainty in Artificial Intelligence},
   year =      {2004},
   pages =     {512--519},
   location =  {Banff, Canada},
   publisher = {AUAI Press},
   address =   {Arlington, Virginia, United States}
}

%Mariana mar√ßo 2011
@incollection{Sirbu+2010,
   author =    {S\^irbu, A. and Ruskin, H. J. and Crane, M.},
   title =     {Comparison of evolutionary algorithms in gene regulatory network model inference},
   booktitle = {BMC Bioinformatics},
   publisher = {BioMed Central},
   year =      {2010},
   volume =    {11},
   number = {1},
   pages = {59},
   issn = {1471-2105},
}

% boffo 12/2006
@incollection{Skinner&Barley2006,
   author =    {C. Skinner and M. Barley},
   title =     {Robocup Rescue Simulation Competition: Status Report},
   booktitle = {RoboCup 2005: Robot Soccer World Cup {IX}},
   editor =    {Ansgar Bredenfeld and Adam Jacoff and Itsuki Noda and Yasutake Takahashi},
   year =      {2006},
   series =    {Lecture Notes in Computer Science},
   volume =    {4020},
   pages =     {632--639},
   address =   {Berlin},
   publisher = {Springer-Verlag}
}

% ana out 11
@article{Skyrms&Pemantle2000,
    author = {Skyrms, Brian and Pemantle, Robin},
    doi = {10.1073/pnas.97.16.9340},
    journal = {Proceedings of the National Academy of Sciences of the United States of America},
    number = {16},
    pages = {9340--9346},
    title = {A dynamic model of social network formation},
    url = {http://dx.doi.org/10.1073/pnas.97.16.9340},
    volume = {97},
    year = {2000}
}

@incollection{Sloman1998,
   author =    {Sloman, A.},
   title =     {Architectural Requirements for Human-Like Agents Both Natural and Artificial},
   booktitle = {Human Cognition And Social Agent Technology},
   publisher = {John Benjamins Publishing Company},
   year =      {1998},
   editor =    {Dautenhahn, K.},
   volume =    {19},
   chapter =   {7},
   pages =     {163--195}
}

@article{Sloman2001,
   author =  {Sloman, Aaron},
   title =   {Beyond Shallow Models of Emotion},
   journal = {Cognitive Processing},
   year =    {2001},
   volume =  {2},
   number =  {1},
   pages =   {177--198}
}

%mariana junho 2011 (a pedido do milton)
@PhdThesis{Smart2002,
   author =       {Smart, William Donald},
   title =        {Making Reinforcement Learning Work on Real Robots},
   school =       {Brown University},
   year =         {2002},
   type =         {{Ph.D.} Thesis},
   address =      {Providence, Rhode Island, USA},
   month =        {may},
}

%Fernando, 03/2009
@article{Smith1980,
   title =   {The Contract Net Protocol: High-Level Communication and Control in a Distributed Problem Solver},
   author =  {Smith, Reid G.},
   journal = {IEEE Transactions on Computers},
   year =    {1980},
   month =   {Dec. },
   volume =  {C-29},
   number =  {12},
   pages =   {1104-1113},
   address = {Washington, DC, USA}
}

@InCollection{Smith1988,
   author =    {R. G. Smith},
   title =     {The contract net protocol: high-level communication and control in a distributed problem solver},
   booktitle = {Distributed Artificial Intelligence},
   year =      {1988},
   pages =     {357--366},
   publisher = {Morgan Kaufmann Publishers Inc.}
}

@article{Smith1978,
   author =  {M. J. Smith},
   title =   {In a road network, increasing delay locally can reduce delay globally},
   journal = {Transportation Research},
   year =    {1978},
   volume =  {12},
   number =  {6},
   pages =   {419--422}
}

% ana jan 12
@book{Smith1982,
  author = {Smith, John Maynard},
  address = {Cambridge, UK},
  publisher = {Cambridge University Press},
  title = {Evolution and the Theory of Games},
  year = 1982,
}

@article{Smith&Davis1981,
   author =  {Smith, R.G. and Davis, R.},
   title =   {Frameworks for cooperation in distributed problem solving},
   journal = {IEEE Trans. on Systems, Man and Cybernetics},
   pages =   {61--70},
   year =    {1981}
}

%mariana ago 2011 (do antigo bioinfo.tex)
@article{Smith+1981,
 author = {Smith, T. and Waterman, M.},
 title = {Identification of common molecular subsequences},
 journal = {Journal of Molecular Biology},
 volume = {147},
 pages = {195--197},
 year = {1981}
}



% ana moved from MO to S jan / 12
@article{Smith&Price1973,
   author =  {Smith, J. Maynard and Price, G. R.},
   title =   {The Logic of Animal Conflict},
   journal = {Nature},
   year =    {1973},
   volume =  {246},
   pages =   {15--18}
}

%denise 05/2008
@ARTICLE{Smoecker+2007,
   author =  {Jan-Dirk Schm\"ocker and Sonal Ahuja and Michael G.H. Bell},
   title =   {Multi-objective signal control of urban junctions -- Framework and a London case study},
   journal = {Transportation Research Part C: Emerging TechnologiesIn Press},
   year =    {2007},
   note =    {In Press}
}


@techreport{Smucker+1994,
   author =      {Smucker, M.D. and Stanley, E.A. and Ashlock, D.},
   title =       {Analyzing Social Network Structures in the Iterated Prisoner's Dilemma with Choice and Refusal},
   institution = {Univ. of Wisconsin-Madison},
   year =        {1994},
   number =      {CS-TR-94-1259}
}

% fabiana 02/2008
@INPROCEEDINGS{Smyth2007,
  AUTHOR =  {Barry Smyth},
  BOOKTITLE = {The Adaptive Web},
  TITLE =  {Case-Based Recommendation},
  pages =  {342--376},
  PUBLISHER =    {Springer Berlin / Heidelberg},
  YEAR =         {2007}
}

%paulo ferreira set 2005
@inproceedings{So&Durfee1993,
   author =    {Y. So and E. Durfee},
   title =     {An organizational self-design model for organizational change},
   booktitle = {Workshop on AI and Theories of Groups and Organizations: Conceptual and Empirical Research},
   pages =     {8--15},
   month =     {July},
   year =      {1993}
}

@inproceedings{So&Durfee1994,
   author  =   {So, Young-pa and Durfee, Edmund H.},
   title  =    {Modeling and designing computational organizations},
   month =     {March},
   year   =    {1994},
   booktitle = {Working Notes of the AAAI Spring Symposium on Computational Organization Design},
}

@manual{SOAP1988,
   title =        {SOAP User's Manual},
   author =       {SOAP},
   organization = {Transportation Research Center, University of Florida},
   year =         {1988}
}

%Denise 06/2007
@INPROCEEDINGS{Soh&Li2004,
   author =    {Leen-Kiat Soh and Xin Li},
   title =     {Adaptive, Confidence-Based Multiagent Negotiation Strategy},
   booktitle = {Proceedings of the Third International Joint Conference on Autonomous Agents and Multiagent Systems (AAMAS)},
   year =      {2004},
   pages =     {1048--1055},
   address =   {Washington, DC, USA},
   publisher = {IEEE Computer Society},
   doi =       {http://dx.doi.org/10.1109/AAMAS.2004.43},
   isbn =      {1-58113-864-4},
   location =  {New York, New York}
}

%Denise
@article{Solnon2002,
   author =  {Christine Solnon},
   title =   {Ants can solve constraint satisfaction problems},
   journal = {IEEE Trans. Evolutionary Computation},
   volume =  {6},
   number =  {4},
   year =    {2002},
   pages =   {347--357}
}

% Anderson Rocha - 17/04/2012
@inproceedings{Sommer+2008,
  author = {Sommer, Christoph and Yao, Zheng and German, Reinhard and Dressler, Falko},
  title = {Simulating the Influence of IVC on Road Traffic using Bidirectionally Coupled Simulators},
  booktitle = {27th IEEE Conference on Computer Communications (INFOCOM 2008): IEEE Workshop on Mobile Networking for Vehicular Environments (MOVE 2008)},
  pages = {1-6},
  year = {2008},
  month = {April},
  address = {Phoenix, AZ},
  publisher = {IEEE},
  doi = {10.1109/INFOCOM.2008.4544655}
}

% Anderson Rocha - 17/04/2012
@article{Sommer+2011,
  author = {Sommer, Christoph and German, Reinhard and Dressler, Falko},
  title = {Bidirectionally Coupled Network and Road Traffic Simulation for Improved IVC Analysis},
  journal = {IEEE Transactions on Mobile Computing},
  pages = {3-15},
  volume = {10},
  number = {1},
  year = {2011},
  month = {January},
  publisher = {IEEE},
  doi = {10.1109/TMC.2010.133}
}

@misc{deSousa2003,
   author =       {De Sousa, R.},
   title =        {Emotions},
   howpublished = {http://plato.stanford.edu/entries/emotion/}
}

%Mariana mar√ßo 2011
@inproceedings{Spieth+2004,
   author= {Spieth, Christian and Streichert, Felix and Speer, Nora and Zell, Andreas},
   title = {Optimizing Topology and Parameters of Gene Regulatory Network Models from Time-Series Experiments}, 
   booktitle= {Proceedings of the 2004 Genetic and Evolutionary Computation Congress},
   year = {2004},
   publisher = {Springer-Verlag},
   pages = {461--470}
}

@article{Staller&Petta2001,
   author =  {Staller, A. and Petta, P.},
   title =   {Introducing Emotions into the Computational Study of Social Norms: A First Evaluation},
   journal = JASSS,
   year =    {2001},
   volume =  {4},
   number =  {1},
   note =    {{$<$http://www.soc.surrey.ac.uk/JASSS/4/1/2.html$>$}}
}

%Daniel 10/09
@book{Stallings2004,
       author = {Stallings, William},
       title = {Computer Networking with Internet Protocols and Technology},
       publisher = {Prentice-Hall},
       year = {2004}
}

%mariana ago 2011 (do antigo bioinfo.tex)
@article{Stein2001,
 author = {Stein, L.},
 title = {Genome Annotation: from sequence to biology},
 journal = {Nature Reviews},
 volume = {2},
 pages = {493--503},
 year = 2001
}

%denise 01/2007
%corrigido ana mar/07
@inproceedings{Steingroever+2005,
   author =    {Merlijn Steingrover and Roelant Schouten and Stefan Peelen and Emil Nijhuis and Bram Bakker},
   title =     {Reinforcement Learning of Traffic Light Controllers Adapting to Traffic Congestion},
   booktitle = {Proceedings of the Seventeenth Belgium-Netherlands Conference on Artificial Intelligence (BNAIC 2005)},
   address =   {Brussels, Belgium},
   month =     {October},
   editor =    {Katja Verbeeck and Karl Tuyls and Ann Now\'e and Bernard Manderick and Bart Kuijpers},
   publisher = {Koninklijke Vlaamse Academie van Belie voor Wetenschappen en Kunsten},
   year =      {2005},
   pages =     {216--223}
}

@phdthesis{Still2000,
   author = {Still, G. K.},
   title =  {Crowd Dynamics},
   school = {University of Warwick},
   year =   {2000},
   month =  {August}
}

@INPROCEEDINGS{Stolfo+1997,
    author = {Salvatore Stolfo and Andreas L. Prodromidis Shelley Tselepis and Andreas L. Prodromidis and Shelley Tselepis and Wenke Lee and Dave W. Fan and Philip K. Chan},
    title = {JAM: Java Agents for Meta-Learning over Distributed Databases},
    booktitle = {Proceedings of 3rd International Confence on Knowledge Discovery and Data Mining},
    year = {1997},
    pages = {74--81},
    publisher = {AAAI Press}
}

% ana jan 2010
@Article{Stone&Veloso2000,
     Author={Peter Stone and Manuela Veloso},
     Title={Multiagent Systems: {A} survey from a machine learning perspective},
     Journal={Autonomous Robots},
     Volume=8,
     Number=3,
     Year=2000,
     Month={July},
     pages={345--383}
}

% Fabiana - 13/dez/05
@article{Stone+2003,
   author =  {Stone, P. and Schapire, R. and Littman, M. and Csirik, J\'anos and McAllester, D.},
   title =   {Decision-theoretic bidding based on learned density model in simultaneous, interacting auctions},
   journal = {Journal of Artificial Intelligence Research},
   year =    {2003},
   volume =  {19},
   pages =   {209--242}
}

%ana fev 07 - denise (atualizado 05/07)
@Article{Stone2007,
   author =  {Peter Stone},
   title =   {Multiagent learning is not the answer. {I}t  is the question.},
   journal = {Artificial Intelligence},
   year =    {2007},
   pages =   {402--405},
   volume =  {171},
   number =  {7},
   editor=   {Rakesh Vohra and Michael Wellman},
   address = {Essex, UK},
   publisher={Elsevier Science},
   month =   {May}
}

% samuel mar 10
@inproceedings{Servin&Kudenko08,
   author    = {Arturo Servin and Daniel Kudenko},
   title     = {Multi-Agent Reinforcement Learning for Intrusion Detection: A Case Study and Evaluation},
   booktitle = {Multi-Agent System Technologies},
   year      = {2008},
   pages     = {159-170}
}

%mariana fevereiro 2012
@ARTICLE{Stolovitzky+2007,
	author = {Gustavo Stolovitzky and Don Monroe and Andrea Califano},
	title = {Dialogue on reverse-engineering assessment and methods: The dream of high-throughput pathway inference},
	journal = {Annals of the New York Academy of Sciences},
	year = {2007},
	volume = {1115},
	number = {1},
 	pages = {1--22}
}

%Mariana fevereiro 2012
@ARTICLE{Stolovitzky+2009,
	author = {Gustavo Stolovitzky and Robert J. Prill and Andrea Califano},
	title = {Lessons from the {DREAM}2 challenges},
	journal = {Ann N Y Acad Sci},
	year = {2009},
	volume = {1158},
	number = {1},
	pages = {159--195}
}

% ana jul 08
@InProceedings{Stone2007ijcai,
        author={Peter Stone},
    title={Learning and Multiagent Reasoning for Autonomous Agents},
    BookTitle={The 20th International Joint Conference on Artificial Intelligence},
    month={January},
    year=2007,
    pages={13--30}
}

%% Bruno - 25/09/06
@inproceedings{Stout+2005,
   author =    {Andrew Stout and George Konidaris and Andrew Barto},
   title =     {Intrinsically Motivated Reinforcement Learning: A Promising Framework For Developmental Robot Learning},
   booktitle = {Proceedings of the AAAI Spring Symposium on Developmental Robotics},
   year =      {2005},
   series =    {AAAI Spring Symposium Series},
   address =   {Stanford, CA}
}

%Daniela 06/2008
@InProceedings{Strehl&Ghosh2002,
   author =    {Strehl, A. and Ghosh, J.},
   title =     {Cluster Ensembles: a knowledge reuse framework for combining partitionings},
   booktitle = {Proceedings of the Eighteenth National Conference Intelligence},
   year = {2002},
   address =   {Menlo Park, CA, USA},
   publisher = {American Association for Artificial Intelligence},
   pages =     {93--98}
}

@book{Strobel1982,
   author =    {Strobel, H.},
   title =     {Computer Controlled Urban Transportation. A  Survey of Concepts Methods and International Experiences},
   publisher = {John Wiley and Sons},
   year =      {1982},
   volume =    {10},
   series =    {IIASA Int. Series}
}

@techreport{Strogulski&Franco1993,
   author =      {Strogulski, H. and Franco, S. M.},
   title =       {Diagn\'ostico Cognitivo},
   institution = {Instituto de Inform\'atica, UFRGS},
   year =        {1993}
}

%paulo ferreira set 2005
%ana jan. 2006
@article{Strusevich1990,
   author =  {V.A. Strusevich},
   title =   {Shop scheduling problems under precedence constraints},
   journal = {Operations Research},
   volume =  {69},
   pages =   {351--377},
   year =    {1955}
}

@article{Stuetzle&Hoos2000,
   author =  {Thomas St\"utzle and Holger H. Hoos},
   title =   {{MAX-MIN} Ant system},
   journal = {Future Gener. Comput. Syst.},
   volume =  {16},
   number =  {9},
   year =    {2000},
   issn =    {0167-739X},
   pages =   {889--914},
   publisher = {Elsevier Science Publishers B. V.}
}

% ana jan 11
@inproceedings{Su&Zhang2006,
 author = {Su, Jiang and Zhang, Harry},
 title = {A fast decision tree learning algorithm},
 booktitle = {Proceedings of the 21st national conference on Artificial intelligence},
 year = {2006},
 isbn = {978-1-57735-281-5},
 location = {Boston, Massachusetts},
 pages = {500--505},
 optnumpages = {6},
 publisher = {AAAI Press}
} 

@techreport{Sugawara&Lesser1993,
   author =      {Sugawara, T. and Lesser, V.R.},
   title =       {On-Line Learning of Coordination Plans},
   institution = {Computer Science Dep., University of Massachusetts},
   year =        {1993},
   address =     {93--27}
}

@article{Sugawara&Lesser1998,
   author =  {Sugawara, T. and Lesser, V.R.},
   title =   {Learning to Improve Coordinated Actions in Cooperative Distributed Problem-Solving Environments},
   journal = {Machine Learning},
   year =    {1998}
}

%paulo ferreira may 2008
@inproceedings{Sultanik+2007,
  author    = {Evan Sultanik and Pragnesh Jay Modi and William C. Regli},
  title     = {On Modeling Multiagent Task Scheduling as a Distributed Constraint Optimization Problem},
  booktitle = {Proceedings of the Twentieth International Joint Conference on Artificial Intelligence, (IJCAI 2007)},
  year      = {2007},
  pages     = {1531-1536}
}

%Daniel 05/09
@article{Sunitiyoso&Matsumoto2007,
   author = {Y. Sunitiyoso and S. Matsumoto},
   title = {Modelling a social dilemma of mode choice based on commuters' expectations and social learning},
   journal = {European Journal of Operational Research},
   volume = {193},
   number = {3},
   pages = {904 -- 914},
   year = {2009},
}

%mariana - fevereiro 2012 
@book{Surowiecki2005,
	author =    {James Surowiecki},
	title =     {The Wisdom of Crowds},
	publisher = {Random House},
	year =      {2005},
	address =   {New York, NY}
}


% bruno 02/05/2007
@phdthesis{Sutton1984,
   author = {Richard Stuart Sutton},
   title =  {Temporal credit assignment in reinforcement learning},
   year =   {1984},
   month =  {July},
   school = {University of Massachusetts, Amherst}
}

%% Bruno - 13/03/07 - corrigido 02/05/2007
@inproceedings{Sutton1990,
   author =    {Richard S. Sutton},
   title =     {Integrated Architectures for Learning, Planning, and Reacting Based on Approximating Dynamic Programming},
   booktitle = {Proceedings of the 7th International Conference on Machine Learning},
   pages =     {216--224},
   year =      {1990}
}

%% Bruno - 25/09/06
@inproceedings{Sutton1991,
   author =    {Richard S. Sutton},
   title =     {Planning by incremental dynamic programming},
   booktitle = {Proceedings of the Eighth International Workshop on Machine Learning},
   publisher = {Morgan Kaufmann},
   pages =     {353--357},
   year =      {1991}
}

% Samuel 03/2009
@inproceedings{Sutton1996,
   author =    {Richard S. Sutton},
   title =     {Generalization in reinforcement learning: Successful examples using sparse coding},
   booktitle = {Advances in Neural Information Processing Systems},
   editor =    {Touretzky, D.S. and Mozer, M.C. and Hasselmo, M.E.},
   pages =     {1038--1044},
   volume =    {8},
   year =      {1996},
   publisher = {MIT Press},
   address =   {Cambridge, MA}
}

% bruno - 02/05/2007
@book{Sutton&Barto1998,
   author =    {Sutton, R.S. and Barto, A.G.},
   title =     {Reinforcement Learning: An Introduction},
   publisher = {MIT Press},
   year =      {1998},
   address =   {Cambridge, MA}
}

%% Bruno - 25/09/06
@article{Sutton+1999,
   author =  {Richard S. Sutton and Doina Precup and Satinder P. Singh},
   title =   {Between {MDPs} and Semi-{MDPs}: A Framework for Temporal Abstraction in Reinforcement Learning},
   journal = {Artificial Intelligence},
   volume =  {112},
   number =  {1-2},
   pages =   {181--211},
   year =    {1999}
}

@article{Sviridenko1998,
   author =  {Maxim Sviridenko},
   title =   {Best Possible Approximation Algorithm for MAX SAT with Cardinality Constraint},
   journal = {Algorithmica},
   volume =  {30},
   number =  {3},
   year =    {2001},
   pages =   {398--405}
}

%mariana junho/2011
@article{Swain+2010,
  author = {Martin T. Swain and Johannes J. Mandel and Werner Dubitzky},
  title = {Comparative study of three commonly used continuous deterministic methods for modeling gene regulation networks},
  journal = {BMC Bioinformatics},
  year = {2010},
  volume = {11},
  number = {1},
  pages = {459},
  publisher = {BioMed Central},
}

% Fabiana - 17/11/05
@inproceedings{Sycara&Zeng1996,
   author =    {Sycara, K. and Zeng, D.},
   title =     {Multi-Agent integration of information gathering and decision support},
   booktitle = {Proceedings of the 12th European Conference on Artificial Intelligence},
   year =      {1996},
   pages =     {549--556}
}

@inproceedings{Sycara1988,
   author =    {Sycara, K.},
   title =     {Resolving goal conflicts via negotiation},
   booktitle = {Proceedings of the Seventh National Conference on Artificial Intelligence},
   year =      {1988},
   pages =     {245--250}
}

@incollection{Sycara1989,
   author =    {Sycara, K.},
   title =     {Multiagent Compromise via Negotiation},
   booktitle = {Distributed Artificial Intelligence},
   publisher = {Pitman/Morgen Kaufmann},
   year =      {1989},
   editor =    {Gasser, L. and Huhns, M.N.},
   chapter =   {6},
   pages =     {119--137},
   address =   {London}
}

% Fabiana - 17/11/05
@article{Sycara1990,
   author =  {Sycara, Katia},
   title =   {Negotiation Planning: An AI Approach},
   journal = {European Journal of Operational Research},
   year =    {1990},
   volume =  {46},
   number =  {2},
   pages =   {216--234}
}

% Fabiana - 02/2008
@article{Sycara1998,
       author = {Sycara, K.},
       title = {Multiagents Systems},
       journal = {AI Magazine},
       volume = {19},
       number = {2},
       pages = {79--82},
       year = 1998
}


%Denise 02/2006
@inproceedings{Szer&Charpillet2005,
   author =    {Daniel Szer and  Fran\c{c}ois Charpillet},
   title =     {An Optimal Best-First Search Algorithm for Solving Infinite Horizon {DEC-POMDPs}},
   booktitle = {Proceedings of the 16th European Conference on Machine Learning  (ECML)},
   pages =     {389--399},
   publisher = {Springer},
   series =    {Lecture Notes in Computer Science},
   volume =    {3720},
   year =      {2005}
}
