%ATENCAO: INCLUDIR QUEM E *QUANDO* (MES/ANO) INSERIU !!

@String{tra = {Transportation Research  A}}
@String{trb = {Transportation Research  B}}
@String{trc = {Transportation Research  C}}
@STRING{jasss = {Journal of Artificial Societies and Social Simulation}}
@STRING{jaamas = {Journal of Autonomous Agents and Multiagent Systems}}
@STRING{springer = {Springer}}
@String{lnai = {Lecture Notes in Artificial Intelligence}}
%denise 10.2006
@String{lncs = {Lecture Notes in Computer Science}}
@String{ifac = {International Federation of Automatic Control}}
@String{pnas = {Proceedings of the National Academy of Sciences}}
@String{nar = {Nucleic Acids Res.}} 
@String{ijcai = {Int. Joint Conf. on Artificial Intelligence}}
@string{aamas05 = {Proceedings of the 4th International Joint Conference on Autonomous Agents and Multiagent Systems}}
@string{acm = {ACM Computing Press}}
@string{aamas06eds = {Hideyuki Nakashima and Michael P. Wellman and Gerhard Weiss and Peter Stone}}
@string{aamas08eds = {Lin Padgham and David Parkes and J. M\"uller and Simon Parsons}}
%fernando 03.2009
@string{aamas05eds = {Frank Dignum and Virginia Dignum and Sven Koenig and Sarit Kraus and  Munindar P. Singh and Michael Wooldridge}}
%denise 05.2009
@string{masttbkISBN = {978-1-60566-226-8}}
