%mariana marco 2012

@article{Friedlander+2008,
	Author = {Marc R Friedl\"ander and Wei Chen and Catherine Adamidi and Jonas Maaskola and Ralf Einspanier and Signe Knespel and Nikolaus Rajewsky},
	Journal = {Nature Biotechnology},
	Number = {1},
	Pages = {407-415},
	Title = {Discovering {microRNAs} from deep sequencing data using {miRDeep}},
	Volume = {26},
	Year = {2008},
}


@article{Moxon+2008,
	Author = {S. Moxon and F. Schwach and D. MacLean and T. Dalmay and D. J Studholme and V. Moulton Bioinformatics 2008},
	Journal = {Bioinformatics},
	Number = {19},
	Pages = {2252--2253},
	Title = {A toolkit for analysing large-scale plant small {RNA} datasets},
	Volume = {24},
	Year = {2008},
}

@article{Mussel+2010,
    title = {{BoolNet} -- an {R} package for generation, reconstruction and analysis of {Boolean} networks},
    author = {Christoph M\"ussel and Martin Hopfensitz and Hans A. Kestler},
    journal = {Bioinformatics},
    volume = {26},
    number = {10},
    pages = {1378--1380},
    year = {2010},
}

@article{Scutari2010,
  	title = {Learning {Bayesian} Networks with the {bnlearn} {R} Package},
    	author = {Marco Scutari},
    	journal = {Journal of Statistical Software},
   	year = {2010},
    	volume = {35},
    	number = {3},
    	pages = {1--22},
}

  @inproceedings{Tsamardinos+2003, 
	author={Ioannis Tsamardinos and Constantin F. Aliferis and Alexander Statnikov}, 
	booktitle={Proceedings of the ninth ACM SIGKDD International Conference on Knowledge Discovery and Data Mining},
	title={Time and Sample Efficient Discovery of {M}arkov Blankets and Direct Causal Relations}, 
	year={2003},  
	pages = {673--678},
	series = {KDD '03},
 	publisher = {ACM},
}



    @article{Tsamardinos+2006,
    title = {The {M}ax-{M}in {H}ill-{C}limbing {B}ayesian Network Structure Learning Algorithm},
    author = {I. Tsamardinos and L. E. Brown and C. F. Aliferis},
    journal = {Machine Learning},
    volume = {65},
    number = {1},
    pages = {31--78},
    year = {2006},
  }


  

  @book{Cover&Thomas1991,
  	title = {Elements of {I}nformation {T}heory},
  	publisher = {JWiley-Interscience},
  	author = {Thomas M. Cover, Joy A. Thomas},
  	year = {1991},
  }
  
  

@inproceedings{Friedman+1999,
  	author = {Nir Friedman and Moises Goldszmidt and Abraham Wyner},
  	title = {{Data Analysis with Bayesian Networks: A Bootstrap Approach}},
  	booktitle = {UAI '99: Proceedings of the 15th Annual Conference on Uncertainty in Artificial Intelligence},
  	publisher = {Morgan Kaufmann},
  	year = {1999},
  	pages = {196--20},
}

@book{Shafer1976,
  	title = {A Mathematical Theory of Evidence},
  	publisher = {Princeton University Press},
  	author = {Glenn Shafer},
  	year = {1976},
  }
  
@article{Dempster1967,
    title = {Upper and lower probabilities induced by a multivalued mapping},
    author = {A. P. Dempster},
    journal = { The Annals of Mathematical Statistics},
    volume = {38},
    number = {2},
    pages = {325--339},
    year = {1967},
  }

@article{Qiu+2009,
	Author = {Peng Qiu and Andrew J. Gentles and Sylvia K. Plevritis},
	Title = {Fast calculation of pairwise mutual information for gene regulatory network reconstruction},
	Journal = {Computer Methods and Programs in Biomedicine},
	Number = {2},
	Pages = {177--180},
	Volume = {94},
	Year = {2009},
}




 
