@ARTICLE{Takahashi&Terano2003,
   author =  {Takahashi, H. and Terano, T.},
   title =   {Agent-Based Approach to Investors' Behavior and Asset Price Fluctuation in Financial Markets},
   journal = {Journal of Artificial Societies and Social Simulation},
   volume =  {6},
   number =  {3},
   year =    {2003}
}

% boffo 12/2006
@INPROCEEDINGS{Takahashi2006,
   author =    {T. Takahashi},
   title =     {Requirements to agent-based disaster simulations from local government usage},
   booktitle = {Proceedings of the 1st International Workshop on Agent Technologyfor Disaster Management},
   year =      {2006},
   pages =     {78--84},
   address =   {New York, USA}
}

%Daniel 05/09
@INCOLLECTION{Takama2009,
 AUTHOR =       {T.Takama},
 TITLE =        {Adaptation and Congestion in a Multi-Agent System to Analyse Empirical Traffic Problems: Concepts and a Case Study of the Road User Charging Scheme at the Upper Derwent Valley, Peak District National Park},
 BOOKTITLE =    {Multi-Agent Systems for Traffic and Transportation Engineering},
 PUBLISHER =    {IGI Global},
 address =      {Hershey, US},
 YEAR =         {2009},
 editor =       {A. L. Bazzan and F. Kl{\"u}gl},
 pages = {1-35},
 isbn = {978-1-60566-226-8}
}

@ARTICLE{Takayasu&Takayasu1993,
   author =  {Takayasu, M. and Takayasu, H.},
   title =   {Phase Transition and 1/f Type Noise in One Dimensional Asymmetric Particle Dynamics},
   journal = {Fractals},
   volume =  {1},
   number =  {4},
   year =    {1993},
   pages =   {860--866}
}

%mariana junho/2011
@article{Tamada+2003,
  author = {Yoshinori Tamada and SunYong Kim and Hideo Bannai and Seiya Imoto and Kousuke Tashiro and Satoru Kuhara and Satoru Miyano},
  title = {Estimating gene networks from gene expression data by combining {B}ayesian network model with promoter element detection},
  journal = {Bioinformatics},
  year = {2003},
  volume = {19},
  pages = {227--236},
  publisher = {Oxford University Press},
}

%mariana junho/2011
@article{Tamada+2005,
  author = {Y. Tamada and H. Bannai and S. Imoto and T. Katayama and M. Kanehisa and S. Miyano},
  title = {Utilizing evolutionary information and gene expression data for estimating gene networks with Bayesian network models},
  journal = {Journal of Bioinformatics and Computational Biology},
  publisher = {World Scientific Publishing Co.},
  year = {2005},
  volume = {3},
  number = {6},
  pages = {1295--1313},
 }

%Fernando (a pedido da prof. Bazzan) por Robert, 21/01/2008
@ARTICLE{Tambe1997,
   author  = {Tambe, M.},
   title   = {Towards Flexible Teamwork},
   journal = {Journal of Artificial Intelligence Research (JAIR)},
   volume  = {7},
   pages   = {83--124},
   year    = {1997}
}

% boffo 12/2006
@INPROCEEDINGS{Tambe+2005,
   author = {M. Tambe and E. Bowring and H. Jung and G. Kaminka and R. Maheswaran
	         and J. Marecki and P. J. Modi and R. Nair and S. Okamoto and J. P.
	         Pearce and P. Paruchuri and D. Pynadath and P. Scerri and N. Schurr
	         and P. Varakantham},
   title =     {Conflicts in teamwork: hybrids to the rescue},
   year =      {2005},
   pages =     {3--10},
   address =   {Utrecht, The Netherlands},
   booktitle = {Proc. of the 4th International Joint Conference on Autonomous Agents and Multiagent Systems},
   publisher = {ACM Press}
}

%denise 04/2007
@inproceedings{Tan1993,
   author =    {Ming Tan},
   title =     {Multi-Agent Reinforcement Learning: Independent vs. Cooperative Agents},
   booktitle = {Proceedings of the Tenth International Conference on Machine Learning (ICML 1993)},
   location =  {Amherst, MA, USA}, 
   month =     {June},
   publisher = {Morgan Kaufmann},
   isbn =      {1-55860-307-7},
   year =      {1993},
   pages =     {330--337}
}

%mariana junho/2011
@inbook{Tan+2005,
  author = {Pang-Ning Tan and Michael Steinbach and Vipin Kumar},
  title = {Introduction to Data Mining},
  chapter = {8},
  pages = {487--568},
  year = {2005},
  publisher = {Addison-Wesley},
}

@BOOK{Tanaka1997,
   author =    {Tanaka, K.},
   title =     {An Introduction to Fuzzy Logic for Practical Applications},
   publisher = {Springer-Verlag},
   year =      {1997},
   address =   {New York},
   note =      {138p.}
}

@PHDTHESIS{Tang1996,
   author = {Tang, F. F.},
   title  = {Anticipatory Learning in Two-Person Games: An Experimental Study},
   school = {University Bonn},
   year =   {1996},
   type =   {Volkswirtschaftliche Dissertation}
}

% Monireh - 07/2011
@inproceedings {Tantawy2010,
  author =       {Tantawy, S.E. and Abdulhai, B.},
  title =        {An Agent-Based Learning Towards Decentralized and Coordinated Traffic Signal Control},
  booktitle =    {Proc. 13th International IEEE Annual Conference on Intelligent Transportation Systems},
  publisher =    {IEEE},
  year =         {2010},
  address =      {Madeira Island, Portugal},
  month =        {September},
  pages =        {665--670},
}

@ARTICLE{Tarasewich&McMullen2002,
   author =  {Tarasewich, P. and McMullen, P.},
   title =   {Swarm Intelligence: Power in Numbers},
   journal = {Communications of the ACM},
   volume =  {45},
   number =  {8},
   year =    {2002},
   pages =   {62--67}
}

@INPROCEEDINGS{Tarrant&Bridge2004,
   Author =    {Tarrant, F. and Bridge, D.},
   Title =     {When Ants Attack: Comparing Ant Algorithms for Constraint Problems},
   Booktitle = {Procs. of the Fifteenth Irish Conference on Artificial Intelligence and Cognitive Science},
   Year =      {2004},
   Editor =    {L. McGinty and B. Crean},
   Pages =     {167--176}
}

%ana 20.4.06
@InProceedings{Teknomo+2001,
   author =    {K. Teknomo and Y. Takeyama and H. Inamura},
   title =     {Frame-Based Tracing of Multiple Objects},
   booktitle = {Proceedings of 2001 IEEE Workshop on Multi-Object Tracking},
   pages =     {11--17},
   year =      {2001},
   address =   {Vancouver, Canada}
}

% ana 20.4.06
@Article{Teknomo&Gerilla2005,
   author =  {Kardi Teknomo and Gloria P. Gerilla},
   title =   {Sensitivity Analisis and Validation of a Multi-Agents Pedestrian Model},
   journal = {Journal of the Eastern Asia Society for Transportation Studies},
   year =    {2005},
   volume =  {6},
   pages =   {198--213}
}

@Article{Teknomo:2006,
  author =       {Teknomo, K.},
  title =        {Application of microscopic Pedestrian Simulation Model},
  journal =      {Transportation Research Part F},
  volume =      9 ,

  year =         {2006},
  pages =        {15-27},
}

@ARTICLE{Tenney&Sandell1981,
   author =  {Tenney, R. R. and Sandell, N. R.},
   title =   {Strategies for Distributed Decision Making},
   journal = {IEEE Trans. on Systems, Man and Cybernetics},
   year =    {1981},
   volume =  {11},
   pages =   {527--538}
}

@INPROCEEDINGS{Teodorovic&Kikuchi1990,
   Author =    {Teodorovic, D. and Kikuchi, S},
   Title =     {Transportation route choice model using fuzzy inference technique},
   Booktitle = {Proceedings First International Symposium on Uncertainty Modeling and Analysis},
   Year =      {1990},
   Pages =     {140--145}
}

%Daniel 03/09
@article{Teodorovic2008,
title = {Swarm intelligence systems for transportation engineering: Principles and applications},
journal = {Transportation Research Part C: Emerging Technologies},
volume = {16},
number = {6},
pages = {651 -- 667},
year = {2008},
issn = {0968-090X},
doi = {DOI: 10.1016/j.trc.2008.03.002},
url = {http://www.sciencedirect.com/science/article/B6VGJ-4SV0YTN-1/2/020a5d7efd4298ce3e18862af26424fa},
author = {Dusan Teodorovic},
keywords = {Swarm intelligence},
keywords = {Transportation modeling},
keywords = {Nature inspired algorithms},
keywords = {Metaheuristics}
}

%LEONARDO
@InCollection{Tesfatsion2006,
   author =    {Tesfatsion, L.},
   editor =    {Judd, K. L. and Tesfatsion, L.},
   title  =    {Agent-Based Computational Economics: A Constructive Approach to Economic Theory},
   booktitle = {Handbook of Computational Economics: Agent-Based Computational Economics},
   chapter =   {16},
   publisher = {North-Holland},
   year =      {2006},
   volume =    {2},
   series =    {Handbooks in Economics Series}
}

% ana ago 11
 @BOOK{Tesfation&Judd2006,
  editor =       {L. Tesfatsion and K. L. Judd},
  TITLE =        {Agent-Based Computational Economics},
  PUBLISHER =    {Elsevier},
  YEAR =         {2006},
  number =       {2},
  series =       {Handbook of Computational Economics},
}

%Denise (06/2005)
@INPROCEEDINGS{Theraulaz+1998,
   author =    {Theraulaz, G. and Bonabeau, E. and Deneubourg, J.},
   title =     {Response Threshold Reinforcement and Division of Labour in Insect Societies},
   booktitle = {Royal Society of London Series B - Biological Sciences},
   year =      {1998},
   pages =     {327--332},
   month =     {2},
   volume =    {265},
   url =       {http://citeseer.nj.nec.com/theraulaz98response.html}
}

% bruno 02/05/2007
@Book{Thorndike1911,
   author =    {E. Thorndike},
   title =     {Animal Intelligence},
   publisher = {Hafner},
   address =   {Darien, CT},
   year =      {1911}
}

@INPROCEEDINGS{Thorndyke+1981,
   author =    {Thorndyke, P. W. and McArthrur, D. and Cammarata, S.},
   title =     {Autopilot: A Distributed Planner for Air Fleet Control},
   booktitle = {Seventh International Joint Conference on Artificial Intelligence},
   year =      {1981},
   pages =     {171--177},
   address =   {Vancouver}
}

%mariana junho/2011
@inproceedings{Tian&Burrage2003,
  author = {Tianhai Tian and Kevin Burrage},
  title = {Stochastic Neural Network Models for Gene Regulatory Networks},
  booktitle = {Proceedings of the 2003 Congress on Evolutionary Computation (CEC'03)},
  year = {2003},
  pages = {162--169},
  volume = {1},
}

@ARTICLE{Time1998,
   author = {Time},
   title =  {Road Rage},
   year =   {1998},
   volume = {15},
   number = {1},
   month =  {January},
   note =   {64--68}
}

%Daniel 05/09
@BOOK{Timmermans2005,
 editor =       {H. Timmermans},
 TITLE =        {Progress in Activity-based Analysis},
 PUBLISHER =    {Elsevier},
 YEAR =         {2005},
}

%Daniel 05/09
@INCOLLECTION{Timpf2009,
 AUTHOR =       {S. Timpf},
 TITLE =        {Towards Simulating Cognitive Agents in Public Transport Systems},
 BOOKTITLE =    {Multi-Agent Systems for Traffic and Transportation Engineering},
 PUBLISHER =    {IGI Global},
 address =      {Hershey, US},
 YEAR =         {2009},
 editor =       {A. L. Bazzan and F. Kl{\"u}gl},
 pages = {176-190},
 isbn = {978-1-60566-226-8}
}

%Anderson Rocha set 2011
@inproceedings{Tokuda+2000,
    author = {Tokuda, K. and Akiyama, M. and Fujii, H.},
    booktitle = {Intelligent Vehicles Symposium, 2000. IV 2000. Proceedings of the IEEE},
    citeulike-article-id = {2649207},
    citeulike-linkout-0 = {http://dx.doi.org/10.1109/IVS.2000.898395},
    citeulike-linkout-1 = {http://ieeexplore.ieee.org/xpls/abs\_all.jsp?arnumber=898395},
    doi = {10.1109/IVS.2000.898395},
    journal = {Intelligent Vehicles Symposium, 2000. IV 2000. Proceedings of the IEEE},
    pages = {504--509},
    posted-at = {2008-04-10 14:07:07},
    priority = {2},
    title = {{DOLPHIN for inter-vehicle communications system}},
    url = {http://dx.doi.org/10.1109/IVS.2000.898395},
    year = {2000}
}

@TECHREPORT{Toledo+1991,
   author =      {Toledo, F. and Loparo, K. A. and Nielsen, N. R.},
   title  =      {Qualitative Simulation in Urban Traffic Control: Implementation of Temporal Features},
   institution = {University of Valencia, Departamento de Inform\'atica y Eletr\'etrica},
   year =        {1991},
   type =        {Internal Paper}
}

% boffo 12/2006
@ARTICLE{Toledo&Jennings2004,
   author =  {C. B. Excelente-Toledo and N. R. Jennings},
   title =   {The Dynamic Selection of Coordination Mechanisms},
   journal = {Autonomous Agents and Multi-Agent Systems},
   year =    {2004},
   volume =  {9},
   pages =   {55--85},
   eid =     {Kluwer Academic Publishers},
   address = {Amsterdam}
}

% boffo 12/2006
@ARTICLE{Toledo&Jennings2005,
   author =  {C.B. Excelente-Toledo and N.R. Jennings},
   title =   {Using Reinforcement Learning to Coordinate Better},
   journal = {Computational Intelligence},
   year =    {2005},
   volume =  {21},
   pages =   {217--245},
   number =  {3},
   eid =     {Blackwell Publishing}
}

% Monireh - 07/2011
@InProceedings{Tomas2005,
  author =       {Tomas, V.R. and Garcia, L.A.},
  title =        {A Cooperative Multiagent System for Traffic Management and Control},
  booktitle =    {AAMAS2005},
  publisher =    {IEEE},
  year =         {2005},
  address =      {Utrecht, Netherlands},
  month =        {July},
  pages =        {52--59},
}

%Daniel 03/09
@ARTICLE{Tomlin+1998,
 title={Conflict resolution for air traffic management: a study in multiagent hybrid systems},
 author={Tomlin, C. and Pappas, G.J. and Sastry, S.},
 journal={IEEE Transactions on Automatic Control},
 year={1998},
 month={Apr},
 volume={43},
 number={4},
 pages={509--521},
 keywords={aerodynamics, air traffic control, aircraft control, cooperative systems, distributed controlATC, air traffic management, aircraft control, distributed control system, multiagent hybrid systems, trajectory conflict resolution,  verification},
 doi={10.1109/9.664154},
 ISSN={0018-9286},
}

% TOYAMA 18/08/2005
@TechReport{Toyama2004,
   author = {Toyama, Marcelo C.},
   title =  {Estudo sobre modelos de aut\^omatos celulares para simula\c c\~ao de movimentos de pedestres: trabalho individual I},
   institution = {Universidade Federal do Rio Grande do Sul},
   year =   {2004}
}

% fabiana - 02/06/2008
@article{Torrens+2002,
 author = {Marc Torrens and Boi Faltings and Pearl Pu},
 title = {SmartClient: Constraint Satisfaction as a Paradigm for Scaleable Intelligent Information 
Systems},
 journal = {CONSTRAINTS: an International Journal},
 volume = {7},
 number = {1},
 year = {2002},
 pages = {49--69},
 publisher = {Kluwer Academic Publishers}
}

%mariana junho/2011
@article{Toronen+1999,
  author = {Petri T\"or\"onen and Mikko Kolehmainen and Garry Wong and Eero Castr\'en},
  title = {Analysis of gene expression data using self-organizing maps},
  journal = {FEBS Letters},
  volume = {451},
  year = {1999},
  pages = {142--146},
  publisher= {Elsevier},
}


%Fernando (a pedido da prof. Bazzan) por Robert 21/01/2008
@BOOK{Toscani&Veloso2005,
   author    = {L. V. Toscani and P. S. Veloso},
   title     = {Complexidade de Algoritmos},
   publisher = {Sagra-Luzzatto},
   year      = {2005}
}

%denise 07/2007
@INPROCEEDINGS{Tosic&Agha2005,
   author = {Predrag T. Tosic and Gul A. Agha},
   title = {Maximal Clique Based Distributed Coalition Formation for Task Allocation in Large-Scale Multi-agent 
Systems},
   booktitle = {First International Workshop on Massively Multi-Agent Systems I (MMAS)},
   year = {2005},
   editor = {Toru Ishida and Les Gasser and Hideyuki Nakashima},
   volume = {3446},
   series = {LNAI},
   pages = {104--120},
   address = {Berlin},
   month = {December},
   publisher = {Springer},
   url = {http://www.springerlink.com/content/2f5b90wwm6hbgc0t}
}

% Fabiana - 02/2008
@misc{Towle&Quinn2000,
  author = {Brendon Towle and Clark Quinn},
  title = {Knowledge Based Recommender Systems Using Explicit User Models},
  howpublished = {AAAI Technical Report WS-00-04},
  year = 2000,
  pages = {74--77},
  address = {Menlo Park},
  publisher = {CA: AAAI Press.}
}

% ana ago 10
@Book{Train2003,
	author = {K. Train},
	title = {Discrete Choice Methods with Simulation },
	year = {2003},
	publisher = {Cambridge University Press}
}

@MANUAL{Transyt1988,
   title =  {TRANSYT-7F User's Manual},
   author = {TRANSYT-7F},
   year =   {1988},
   organization = {Transportation Research Center, University of Florida}
}

% Denise 03/2006
@inproceedings{Trianni+2004,
   author =    {Vito Trianni and Thomas Halva Labella and Marco Dorigo},
   title =     {Evolution of Direct Communication for a Swarm-bot Performing Hole Avoidance},
   booktitle = {Proceedings of the 4th International Workshop on Ant Colony Optimization and Swarm Intelligence, (ANTS 2004)},
   publisher = {Springer},
   series =    {Lecture Notes in Computer Science},
   volume =    {3172},
   year =      {2004},
   pages =     {130--141}
}

@ARTICLE{Trives1971,
   author =  {Trives, R.},
   title =   {The Evolution of Reciprocal Altruism},
   journal = {Quarterly Review Biology},
   year =    {1971},
   volume =  {46},
   pages  =  {35--37}
}

% Fernando 15/08/2007
@book{Tsang1993,
   author=     {Edward Tsang},
   title =     {Foundations of constraint satisfaction},
   publisher = {Academic Press},
   year =      {1993},
   address =   {London},
   pages =     {421}
}

% bruno 02/05/2007
@article{Tsitsiklis1994,
   author =    {John N. Tsitsiklis},
   title =     {Asynchronous Stochastic Approximation and Q-Learning},
   journal =   {Machine Learning},
   volume =    {16},
   number =    {3},
   year =      {1994},
   issn =      {0885-6125},
   pages =     {185--202},
   publisher = {Kluwer Academic Publishers},
   address =   {Hingham, MA, USA},
}

%Daniel 03-09
@inproceedings{Tumer&Agogino2007,
author = {Tumer, Kagan and Agogino, Adrian},
title = {Distributed agent-based air traffic flow management},
booktitle = {Proceedings of the 6th international joint conference on Autonomous agents and multiagent systems},
year = {2007},
isbn = {978-81-904262-7-5},
pages = {1--8},
location = {Honolulu, Hawaii},
doi = {http://doi.acm.org/10.1145/1329125.1329434},
publisher = {ACM},
address = {New York, NY, USA},
}

@INPROCEEDINGS{Tumer&Wolpert2000,
   author =    {Tumer, K. and Wolpert, D.},
   title =     {Collective Intelligence and {B}raess' Paradox},
   booktitle = {Proceedings of the Seventeenth National Conference on Artificial Intelligence},
   year =      {2000},
   pages =     {104--109},
   publisher = {AAAI Press}
}

%denise 16.10.06
@incollection{Tumer&Wolpert2004,
   title =     {A Survey of Collectives},
   author =    {K. Tumer and D. Wolpert},
   booktitle = {Collectives and the Design of Complex Systems},
   editor =    {K. Tumer and D. Wolpert},
   pages =     {1--42},
   publisher = {Springer},
   year =      {2004}
}

% ana jul 08
@InProceedings{Tumer+2008,
author = {Kagan Tumer and Zachary T. Welch and Adrian Agogino},
title = {Aligning social welfare and agent preferences to alleviate traffic congestion},
booktitle = {Proceedings of the 7th Int. Conference on Autonomous Agents and Multiagent Systems},
year = {2008},
editor = aamas08eds,
pages = {655--662},
OPTvolume = {},
address = {Estoril},
month = {May},
publisher = {IFAAMAS}
}

%Daniel 03-09
@InCollection{Tumer+2009,
author = {Kagan Tumer and  Zachary T. Welch and Adrian Agogino },
editor = {Bazzan, A. L. C. and Kl\"ugl, F. },
 booktitle = {Multi-Agent Systems for Traffic and Transportation},
title = {Traffic Congestion Management as a Learning Agent Coordination Problem},
publisher = {IGI Global},
year = {2009},
address = {Hershey, PA},
pages = {261--279},
isbn = masttbkISBN
}

%DAniel 03-09
@ARTICLE{Tumer&Agogino2009,
title={Improving Air Traffic Management with a Learning Multiagent System},
author={Tumer, Kagan and Agogino, Adrian},
journal={IEEE Intelligent Systems},
year={2009},
month={Jan.-Feb. },
volume={24},
number={1},
pages={18--21},
doi={10.1109/MIS.2009.10},
ISSN={1541-1672}, 
}

%ana mar 07
@PhdThesis{Tuyls2004,
   author = {Karl Tuyls},
   title =  {Learning in Multi-Agent Systems, An Evolutionary Game Theoretic Approach},
   school = {Vrije Universiteit Brussel},
   year =   {2004}
}

@Article{Tuyls+2006,
   author =  {Karl Tuyls and Pieter Jan'T Hoen  and Bram Vanschoenwinkel},
   title =   {An Evolutionary Dynamical Analysis of Multi-Agent Learning in Iterated Games},
   journal = {Autonomous Agents and Multiagent Systems},
   year =    {2006},
   volume =  {12},
   number =  {1},
   pages =   {115--153},
   month =   {January}
}

%at. Denise 08/2008
@Article{Tuyls&Parsons2007,
   author =  {Karl Tuyls and Simon Parsons},
   title =   {What evolutionary game theory tells us about multiagent learning},
   journal = {Artificial Intelligence},
   year =    {2007},
   volume =  {171},
   number =  {7},
   pages =   {406--416}
}

%ana fev 07
@techreport{Uther&Veloso1997,
   author =      {William T. B. Uther and Manuela M. Veloso},
   title =       {Adversarial Reinforcement Learning},
   institution = {Computer Science Department, Carnegie Mellon University},
   number =      {CMU-CS-03-107},
   month =       {April},
   year =        {1997} 
}

@INCOLLECTION{Vanderborght1995,
   author =    {Vanderborght, F.},
   title =     {{PRODYN} in {B}russels},
   booktitle = {Traffic Technology International},
   publisher = {International Press},
   year =      {1995},
   address =   {Surrey, UK}
}

%Daniel 03-09
@article{vanKatwijk&vanKoningsbruggen2002,
title = {Coordination of traffic management instruments using agent technology},
journal = {Transportation Research Part C: Emerging Technologies},
volume = {10},
number = {5-6},
pages = {455 - 471},
year = {2002},
issn = {0968-090X},
doi = {DOI: 10.1016/S0968-090X(02)00034-7},
url = {http://www.sciencedirect.com/science/article/B6VGJ-4760658-1/2/c02790c8fe07521577c041865226a73d},
author = {Ronald van Katwijk and Paul van Koningsbruggen},
keywords = {Traffic management},
keywords = {Coordination},
keywords = {Cooperation},
keywords = {Agent technology},
keywords = {Architecture}
}

% ana maio 08
@InCollection{vanKatwijk+2005,
 author={R.T. {van Katwijk} and P. {van Koningsbruggen} and B. {De Schutter} and J. Hellendoorn},
editor = {Kl\"ugl, F. and Bazzan, A. L. C. and Ossowski, S. },
booktitle = {Applications of Agent Technology in Traffic and Transportation},
title = {A Test Bed for Multi-Agent Control Systems in Road Traffic Management},
OPTchapter = {},
publisher = {Birkh\"auser},
year = {2005},
series = {Whitestein Series in Software Agent Technologies and Autonomic Computing  },
address = {Basel},
pages = {113--131}
}

% Monireh - 07/2011
@InProceedings{vanKatwijk+2008,
  author =       {van Katwijk,R. T.  and  De Schutter,B. and  Hellendoorn, J.},
  title =        {Multi-agent coordinationof traffic control instruments},
  booktitle =    {Proc. of the International Conference on Infrastructure Systems 2008: Building Networks for a Brighter Future},
  volume =	 1,
  year =         {2008},
  address =      {Rotterdam, The Netherlands},
  month =        {November},
}

@InProceedings{vanZuylen&Taale2004,
   author =    {Henk J. van Zuylen and Henk Taale},
   title =     {Urban Networks with Ring Roads: a Two-Level, Three Player Game},
   booktitle = {Proc. of the 83rd Annual Meeting of the Transportation Research Board},
   year =      {2004},
   month =     {January},
   publisher = {TRB},
   OPTnote =   {CD-ROM}
}

%Daniel 03-09
@InCollection{Vasirani&Ossowski2009,
author = {Matteo Vasirani and Sascha Ossowski},
editor = {Bazzan, A. L. C. and Kl\"ugl, F. },
booktitle = {Multi-Agent Systems for Traffic and Transportation},
title = {Exploring the potential of multiagent learning for autonomous intersection control},
publisher = {IGI Global},
year = {2009},
address = {Hershey, PA},
month = {April},
isbn = {978-1-60566-226-8},
pages = {280--290}
}

%Daniel 03-09
@InProceedings{Vasirani&Ossowski2009aamas,
author = {Matteo Vasirani and Sascha Ossowski},
title = {A market-based approach to reservation-based urban road traffic management},
booktitle = {Proc. of the 8th Int. J. Conf. on Autonomous Agents and Multiagent Systems (AAMAS)},
pages = {617--624},
year = {2009},
editor = {K. Decker and J. Sichman and C. Sierra and C. Castelfranchi},
address = {Budapest},
month = {May},
OPTorganization = {IFAAMAS},
publisher = {IFAAMAS},
OPTdoi = {},
OPTissn = {}
}

% ana jun 11
@article{Vasirani&Ossowski2011,
	Author = {Vasirani, Matteo and Ossowski, Sascha},
	Title = {A Computational Market for Distributed Control of Urban Road Traffic Systems},
	Journal = {{IEEE Trans. on Int. Transp. Systems}},
	Year = 2011,
	Volume = 12,
	Number = 2,
	Pages = {313--321},
	Month = {June},
	altPublisher = {IEEE-INST ELECTRICAL ELECTRONICS ENGINEERS INC},
	DOI = {10.1109/TITS.2011.2104956},
	ISSN = {1524-9050}
}

%mariana junho/2011
@article{Vesanto&Alhoniemi2000,
  author = {Juha Vesanto and Esa Alhoniemi},
  title = {Clustering of the Self-Organizing Map},
  journal = {IEEE Transactions on Neural Networks},
  volume = {11},
  number = {3},
  pages = {586--600},
  year = {2000},
  publisher = {IEEE Computational Intelligence Society},
}

% ana jan 07
@InProceedings{Verbeeck+2005,
   author =    {Katja Verbeeck and Ann Now\'e and Maartens Peeters and Karl Tuyls},
   title =     {Multi-agent Reinforcement Learning in Stochastic Games and Multi-stage Games},
   booktitle = {Adaptive Agents and MAS II},
   pages =     {275--294},
   year =      {2005},
   editor =    {D. Kudenko et al.},
   volume =    {3394},
   series =    {LNAI},
   address =   {Berlin Heidelberg},
   publisher = {Springer}
}

@PHDTHESIS{Viccari1990,
   author =  {Viccari, R. M.},
   title  =  {Um Tutor Inteligente para a Programa\c c\~ao em L\'ogica - Idealiza\c c\~ao, Projeto e Desenvolvimento},
   school =  {Universidade de Coimbra},
   year  =   {1990},
   address = {Coimbra},
   type =    {Tese de Doutorado}
}

@TECHREPORT{Viccari1998,
   author =      {Viccari, R. M.},
   title =       {{ITS} Modeling using Agents Architecture: Discussions and Experiences},
   institution = {{CBLU}-University of Leeds},
   year =        {1998},
   type =        {Technical Report}
}

% ana sept. 2008
@Unpublished{Vidal2007,
author = {Jos\'e M. Vidal},
title = {Fundamentals of Multiagent Systems Textbook},
note = {Unpublished. Available at http://www.multiagent.com/fmas},
OPTyear = {}
}

%denise 10/2009
@INCOLLECTION{Vidal&Durfee1997,
  author = {Jos\'{e} M. Vidal and Edmund H. Durfee},
  title = {Agents Learning about Agents: A Framework and Analysis},
  booktitle = {Collected papers from AAAI--97 workshop on Multiagent Learning},
  publisher = {Menlo Park: AAAI Press},
  year = {1997},
  pages = {71--76}
}



@article{Viktor1999, 
 AUTHOR = {H. Viktor}, 
 TITLE = {The {CILT} multi-agent learning system}, 
 JOURNAL = {South African Computer Journal}, 
 VOLUME = {24},
 PAGES = {171--181}, 
 YEAR =  1999
} 


@article{Viktor&Arndt2000, 
 AUTHOR = {H. Viktor and H. Arndt}, 
 TITLE = {Combining data mining and human expertise for making decisions, sense and policies}, 
 JOURNAL = {Journal of Systems and Information Technology}, 
 VOLUME = {4},
 NUMBER = {2}, 
 PAGES = {33-56}, 
 YEAR =  2000
} 

@article{Viktor&Arndt2000a, 
 AUTHOR = {H. Viktor and H. Arndt}, 
 TITLE = {Data Mining in Practice: From Data to Knowledge using Hybrid Mining Approach}, 
 JOURNAL = {The International Journal of Computers, Systems and Signal}, 
 VOLUME = {1},
 NUMBER = {2}, 
 PAGES = {139-153}, 
 YEAR =  2000
} 

@ARTICLE{Vincent&Young1986,
   author =  {Vincent, R. A. and Young, C. P.},
   title =   {Self-Optimizing Traffic Signal Control using Microprocessors - the {TRRL MOVA} Strategy for Isolated Intersections},
   journal = {Traffic Engineering and Control},
   year =    {1986},
   volume =  {27},
   pages =   {385--387}
}

@INPROCEEDINGS{Vincent+2001,
   author =    {Vincent, R. and Horling, B. and Lesser, V.},
   title =     {An Agent Infrastructure to Build and Evaluate Multi-Agent Systems: The Java Agent Framework and Multi-Agent System Simulator},
   booktitle = {Lecture Notes in Artificial Intelligence: Infrastructure for Agents, Multi-Agent Systems, and Scalable Multi-Agent Systems},
   year =      {2001},
   editor =    {Wagner and Rana},
   month =     {January},
   publisher = {Springer},
   volume =    {1887},
   url =       {http://mas.cs.umass.edu/pub/paper_detail.php/200}
}

% ana jun 11
@article{Vinyals+2011,
    author = {Meritxell Vinyals and Juan A. Rodr\'{\i}guez-Aguilar and Jes\'us Cerquides},
    title = {A Survey on sensor Networks from a Multiagent Perspective},
     journal = {Comput. J.},
     volume = {54},
     issue = {3},
     month = {March},
     year = {2011},
     issn = {0010-4620},
     pages = {455--470},
     numpages = {16},
     doi = {http://dx.doi.org/10.1093/comjnl/bxq018},
     publisher = {Oxford University Press}
}

% boffo 12/2006
@INPROCEEDINGS{Visser+2004,
   author =    {A. Visser and G. Pavlin and S. P. van Gosliga and M. Maris},
   title =     {Self-organization of multi-agent systems},
   booktitle = {Proceedings of the International Workshop on Military Applicationsof Agent Technology in ICT and Robotics},
   year =      {2004},
   address =   {The Hague, The Netherlands}
}

%Daniela 05/2007
@article{Vizine+2005,
   author =     {Vizine, A. L. and Castro, L. N. and  Hruschka, E. R. and Gudwin, R. R.},
   title =      {Towards Improving Clustering Ants: An Adaptive Ant Clustering Algorithm},
   journal =    {Informatica (Slovenia)},
   volume =     {29},
   number =     {2},
   year =       {2005},
   publisher =  {Slovene Society Informatika},
   pages =      {143--154}
}


@ARTICLE{Vliet+1988,
   author =  {Vliet, D. V. and Matzoros, T. and Randle, J. and Weston, B.},
   title =   {A Validation of the {SATURN} and {ME2} Models using before-and-after Survey Data from Manchester},
   journal = {Traffic Engineering \& Control},
   year =    {1988},
   volume =  {28},
   number =  {12},
   pages =   {641--643}
}

@MANUAL{Vliet&Hall1998,
   title =        {Saturn 9.4 - User Manual},
   author =       {Vliet, D. V. and Hall, M.},
   organization = {Institute for Transport Studies, University of Leeds},
   year =         {1998},
   address =      {England}
}

%mariana junho/2011
@article{Vohradsky2001,
  author = {Jiri Vohradsky},
  title = {Neural Model of the Genetic Network},
  journal = {The Journal of Biological Chemistry},
  volume = {276},
  number = {39},
  pages = {36168--36173},
  year = {2001},
  publisher = {The American Society for Biochemistry and Molecular Biology, Inc.},
}


% ana set. 2008
@inproceedings{Vrancx+2008,
 author    = {Peter Vrancx and
             Karl Tuyls and
             Ronald L. Westra},
 title     = {Switching dynamics of multi-agent learning},
 booktitle = {Proceedings of the 7th International Joint Conference on Autonomous Agents
             and Multiagent Systems},
 volume = 1,
 editor = aamas08eds,
 year      = {2008},
 address = {Estoril},
 pages     = {307-313}
}

%Daniel 16/06/08
@PHDTHESIS{Vrtic2003,
  AUTHOR =       {Vrtic, M.},
  TITLE =        {Simulaneous Route and Mode Choice Model},
  SCHOOL =       {ETH Z{\"u}rich, Faculty of Traffic Sciences},
  YEAR =         {2003},
}

%ana jan 07, at. denise 08/2008
@InProceedings{Vu+2006,
   author =    {Thuc Vu and Rob Powers and Yoav Shoham},
   title =     {Learning Against Multiple Opponents},
   booktitle = {Proceedings of the Fifth International Joint Conference on Autonomous Agents and Multiagent Systems},
   editor = aamas06eds,
   pages =     {752--760},
   location =  {Hakodate, Japan},
   year =      {2006}
}

% Fabiana - 13/dez/05
@article{Vulkan&Jennings2000,
   author =  {Vulkan, N. and Jennings, N.},
   title =   {Efficient Mechanisms for the Supply of Services in Multiagent Environments},
   journal = {International Journal of Decision Support Systems},
   year =    {2000},
   volume =  {28},
   number =  {1--2},
   pages =   {5--19}
}

@INCOLLECTION{Wagner1996,
   author =    {Wagner, P.},
   title =     {Traffic Simulations Using Cellular Automata: Comparison with Reality},
   booktitle = {Traffic and Granular Flow},
   editor =    {D. E. Wolf, M. Schreckenberg and A. Bachem},
   year =      {1996},
   publisher = {World Scientic},
   address =   {Singapore}
}

@INPROCEEDINGS{Wagner+1997,
   author =    {Wagner, T. and Garvey, A. and Lesser, V. R.},
   title  =    {Complex Goal Criteria and Its Application in Design-to-Criteria Scheduling},
   booktitle = {Fourteenth National Conference on Artificial Intelligence},
   year =      {1997}
}

%Denise (06/2005)
@INPROCEEDINGS{Wagner&Lesser2000,
   author =    {Wagner, T. and Lesser, V. R.},
   title  =    {Design-to-Criteria Scheduling: Real-Time Agent Control},
   booktitle = {Proceedings of the Spring Symposium on Real-Time Autonomous Systems, {AAAI}},
   pages =     {89--96},
   month =     {March},
   year =      {2000},
   address =   {Stanford, CA},
   url =       {http://mas.cs.umass.edu/paper/180}
}

% Denise (06/2005)
@INPROCEEDINGS{Wagner+2003,
   author =    {Wagner, T. and Guralnik, V. and Phelps, J.},
   title =     {A key-based coordination algorithm for dynamic readiness and repair service coordination},
   booktitle = {Proceedings of the 2nd International Joint Conference on Autonomous Agents and Multiagent Systems},
   year =      {2003},
   publisher = {ACM Press},
   address =   {New York}
}

%paulo ferreira - maio 2008
@article{Wagner+2006,
 author = {Thomas A. Wagner and Anita Raja and Victor R. Lesser},
 title = {Modeling Uncertainty and its Implications to Sophisticated Control in TEAMS Agents},
 journal = {Autonomous Agents and Multi-Agent Systems},
 volume = {13},
 number = {3},
 year = {2006},
 issn = {1387-2532},
 pages = {235--292},
 publisher = {Springer},
 month     = {November}
}

@ARTICLE{Wahle+2001,
   author =  {Wahle, J. and Neubert, L. and Esser, J. and Schreckenberg, M.},
   title  =  {A cellular automaton traffic flow model for online simulation of traffic},
   journal = {Parallel Computing},
   volume =  {27},
   number =  {5},
   pages =   {719--735},
   year=     {2001}
}

% ana fev 10 (por Vinicius)
@inproceedings{Wainer1994,
 author    = {Jacques Wainer},
 title     = {Yet another Semantics of Goals and Goal Priorities},
 booktitle = {Proc. of the ECAI},
 year      = {1994},
 pages     = {269--273}
}

%ana dez 09
@inproceedings{Wang&Sandholm2002,
  author = {X. Wang and T. Sandholm},
  title = {Reinforcement learning to play an optimal nash equilibrium in team markov  games},
  booktitle = {Advances in Neural Information Processing Systems 15 (NIPS-2002)},
  year = {2002}
}

%daniel 03-09
@article{Wang2005,
 author    = {Fei-Yue Wang},
 title     = {Agent-Based Control for Networked Traffic Management Systems},
 journal   = {IEEE Intelligent Systems},
 volume    = {20},
 number    = {5},
 year      = {2005},
 pages     = {92--96},
 ee        = {http://doi.ieeecomputersociety.org/10.1109/MIS.2005.80}
}

%mariana março 2011
@incollection{Wang+2006,
   author =    {Wang, Y. and Joshi, T. and Zhang, X. and  Xu, D. and Chen, L.},
   title =     {Inferring gene regulatory networks from multiple microarray datasets},
   booktitle = {Bioinformatics},
   publisher = {Oxford University Press},
   year =      {2006},
   volume =    {22},
   number = {19},
   pages =     {2413--2420}
}

@article{Wang+2007,
 author = {Wang, Fei-Yue and Carley, Kathleen M. and Zeng, Daniel and Mao, Wenji},
 title = {Social Computing: From Social Informatics to Social Intelligence},
 journal = {IEEE Intelligent Systems},
 volume = {22},
 number = {2},
 year = {2007},
 issn = {1541-1672},
 pages = {79--83},
 doi = {http://dx.doi.org/10.1109/MIS.2007.41},
 publisher = {IEEE Educational Activities Department},
 address = {Piscataway, NJ, USA},
 }

% ana fev 2009
@article{Wang2008,
 author = {Wang, Fei-Yue},
 title = {Toward a Revolution in Transportation Operations: {AI} for
Complex Systems},
 journal = {IEEE Intelligent Systems},
 volume = {23},
 number = {6},
 year = {2008},
 issn = {1541-1672},
 pages = {8--13},
 doi = {http://dx.doi.org/10.1109/MIS.2008.112},
 publisher = {IEEE Educational Activities Department},
 address = {Piscataway, NJ, USA},
 }

%at. denise 08/2008
@INPROCEEDINGS{Wardrop1952,
   author =    {Wardrop, J. G.},
   title  =    {Some Theoretical Aspects of Road Traffic Research},
   booktitle = {Proceedings of the Institute of Civil Engineers},
   pages =     {325--378},
   year  =     {1952},
   location  = {UK},
   volume =    {2}
}

% samuel 07/2009
@PHDTHESIS{Watkins1989,
   author = {Watkins, C.},
   school = {University of Cambridge},
   title = {Learning from Delayed Rewards},
   year = {1989}
}

% Bruno - 02/05/2007 (mudei de novo p/ ficar no formato que a Ida pediu)
% Denise - 26.10.06 (mudei pq estava incorreto)
% Bruno - 25/09/06
@article{Watkins&Dayan1992,
   author =  {Christopher J. C. H. Watkins and Peter Dayan},
   title =   {{Q}-learning},
   journal = {Machine Learning},
   volume =  {8},
   number =  {3},
   year =    {1992},
   issn =    {0885-6125},
   pages =   {279--292},
   publisher={Kluwer Academic Publishers},
   address = {Hingham, MA, USA}
}

@ARTICLE{Watts&Strogatz1998,
   author =  {Watts, D. J. and Strogatz, S. H.},
   title =   {Collective dynamics of `small-world' networks},
   journal = {Nature},
   year =    {1998},
   volume =  {393},
   number =  {6684},
   pages =   {397--498},
   month =   {June},
   url =     {http://www.nature.com/cgi-taf/DynaPage.taf\-?file=/nature/journal/v393/n6684/abs/393440a0\_fs.html},
   obtain =  {nature, copy},
   annote = {Described so-called `small-world' networks which are
        interpolations between regular (lattice) and random
        networks. They exhibits short averages paths while
        still being clustered. Examples are given by film
        actors, power grid and the neural network of a worm
        together with dynamics networks, e.g, multiplayer
        prisoner's dilemma.}
}

@InProceedings{Wauters+2009,
author = {Tony Wauters and Katja Verbeeck and Greet Vanden Berghe and Patrick De
Causmaecker},
title = {A Multi-Agent Learning Approach for the Multi-Mode Resource-Constrained Project Scheduling Problem},
booktitle = {Proc. of the Second International Workshop on Optimisation in Multi-Agent Systems},
pages = {55--62},
year = {2009},
editor = {Nicholas R. Jennings and Alex Rogers and Juan Antonio Rodriguez Aguilar and Alessandro Farinelli
and Sarvapali D. Ramchurn},
address = {Budapest},
month = {May}
}

@BOOK{Weber1979,
   author =    {Weber, H. H.},
   title =     {Introdu\c c\~ao \`a Pesquisa Operacional},
   publisher = {Editora Universit\'aria - {UFPb}},
   year =      {1979}
}

@TECHREPORT{Webster1958,
   author =      {Webster, F. V.},
   title =       {Traffic Signal Setting},
   institution = {Road Research Laboratory},
   year =        {1958},
   number =      {39},
   address =     {London}
}

%Anderson Rocha set 2011
@inproceedings{Wegener+2008,
  title={TraCI: an interface for coupling road traffic and network simulators},
  author={Wegener, A. and Pi{\'o}rkowski, M. and Raya, M. and Hellbr{\\"u}ck, H. and Fischer, S. and Hubaux, J.P.},
  booktitle={11th communications and networking simulation symposium},
  pages={155--163},
  year={2008},
  organization={ACM}
}

% Fabiana - 18/10/2005
@inproceedings{Wei+2003,
   author =    {Wei, Y. and Moreau, L. and Jennings, N.},
   title =     {Recommender systems: A market-based design},
   booktitle = {Proceedings Second International Joint Conference on Autonomous Agents and Multi Agent Systems (AAMAS03)},
   address =   {Melbourne Australia},
   month =     {July},
   pages =     {600--607},
   year =      {2003}
}

% ana por fabiana ago 2011
@article{Wei+2008,
  author = {Yan Zheng Wei and Nicholas R. Jennings and Luc Moreau and Wendy Hall},
  journal = {Autonomous Agents and Multi-Agent Systems},
  number = {2},
  pages = {251--269},
  title = {User evaluation of a market-based recommender system.},
  volume = {17},
  year = {2008}
}

% Monireh - 07/2011
@InProceedings{Weiring2000,
  author =       {Weiring, M.},
  title =        {Multi-agent Reinforcement Learning for Traffic Light control},
  booktitle =    {Proc. of the Seventh International Conference on Machine Learning},
  year =         {2000},
  pages =        {1151-1158},
}

@PHDTHESIS{Weiss1995,
   author =  {Weiss, G.},
   title =   {Distributed Machine Learning},
   school =  {-},
   year =    {1995},
   address = {Sankt Augustin},
   type =    {Dissertationen zur K\"unstlichen Intelligenz}
}

@BOOK{Weiss1999,
   author =    {Weiss, G.},
   title =     {Multiagent Systems - A modern Approach to Distributed Artificial Intelligence},
   publisher = {The MIT Press},
   year =      {1999},
   address =   {Cambridge, MA}
}

@INPROCEEDINGS{Wellman1992,
   author =    {Wellman, M. P.},
   title =     {A General Equilibrium Approach to Distributed Transportation Planning},
   booktitle = {Proceedings of the Tenth Conference on Artificial Intelligence},
   year =      {1992},
   address =   {San Jose, California}
}

@ARTICLE{Wellman1995,
   author =  {Wellman, M. P.},
   title =   {The Economic Approach to Artificial Intelligence},
   journal = {ACM Computing Surveys},
   year =    {1995},
   volume =  {27},
   pages =   {360--362}
}

% Fabiana - 20/12/2005
@INPROCEEDINGS{Wellmann&Wurman1999,
   author =    {Wellman, M. P. and Wurman, P. R.},
   title  =    {A Trading Agent Competition for the Research Community},
   booktitle = {Proceedings of the Sixteenth International Joint Conference Artificial Intelligence - Workshop on Agent-Mediated Electronic Commerce},
   address =   {Stockholm},
   year =      {1999}
}

% Monireh - 07/2011
@InProceedings {Wen2007,
  author =       { Wen, K. and Qu, S. and Zhang, Y.},
  title =        {A Stochastic Adaptive Control Model for Isolated Intersections},
  booktitle =    {Proc. 2007 IEEE International Conference on Robotics and Biomimetics },
  publisher =    {IEEE},
  year =         {2008},
  address =      {Sanya, China},
  month =        {December},
  pages =        {2256--2260},
}

%denise  04/2008
@ARTICLE{Wen2008,
  author = {W. Wen},
  title = {A dynamic and automatic traffic light control expert system for solving	
the road congestion problem},
  journal = {Expert Systems with Applications},
  year = {2008},
  volume = {34},
  pages = {2370--2381},
  number = {4},
  month = {May}
}

% Monireh - 07/2011
@InProceedings{Wen2010,
  author =       {Wen, K. and Yang, W. and Qu, S.},
  title =        {A Stochastic Adaptive Traffic Signal Control Model Based on Fuzzy Reinforcement Learning},
  publisher =    {IEEE},
  volume =       5,
  year =         {2010},
  pages =        {467-471},
}

%mariana junho/2011 	
@inproceedings{Werbos1990,
  author = {Paul J. Werbos},
  title = {Backpropagation through time: what it does and how to do it},
  booktitle = {Proceedings of the IEEE},
  year = {1990},
  pages = {1550-1560},
  volume = {78},
  number = {10},
}	

%mariana junho/2011
@phdthesis{Werhli2007,
  author = {Adriano Velasque Werhli},
  title = {Reconstruction of gene regulatory networks from postgenomic data},
  school = {School of Informatics of University of Edinburgh},
  year = {2007}
}

%mariana junho/2011
@article{Werhli+2006,
  author = {Adriano V. Werhli and Marco Grzegorczyk and Dirk Husmeier},
  title = {Comparative evaluation of reverse engineering gene regulatory networks with relevance networks, graphic gaussian models and bayesian networks},
  journal = {Bioinformatics},
  year = {2006},
  volume = {22},
  number = {20},
  pages = {2523--2531},
  publisher = {Oxford University Press},
}

%mariana junho/2011
@inbook{Werhli&Husmeier2007,
  author = {Adriano Velasque Werhli and Dirk Husmeier},
  title = {Bayesian integration of biological prior knowledge into the reconstruction of gene networks with {B}ayesian network},
  book = {Statistical Applications in Genetics and Molecular Biology},
  volume = {6},
  article = {15},
  year = {2007},
  publisher = {The Berkeley Electronic Press},
}


%mariana março 2011
@incollection{Werhli&Husmeier2008,
  author = {Werhli, Adriano V. and Husmeier, Dirk},
  title = {Gene Regulatory Network Reconstruction by Bayesian Integration of
	Prior Knowledge and/or Different Experimental Conditions},
  booktitle = {Journal of Bioinformatics and Computational Biology},
  year = {2008},
  volume = {6},
  pages = {543--572}
}

@InBook{Werner1996,
  author = 	 {Eric Werner},
  ALTeditor = 	 {Nick Jennings},
  title = 	 {Logical Foundations of Distributed Artificial Intelligence},
  chapter = 	 {2},
  publisher = 	 {John Wiley \& Sons},
  year = 	 {1996},
  pages = 	 {57--118}
}

% fabiana - 02/06/2008
@article{Werthner&Ricci04,
 author = {Hannes Werthner and Francesco Ricci},
 title = {E-commerce and tourism},
 journal = {Commun. ACM},
 volume = {47},
 number = {12},
 year = {2004},
 issn = {0001-0782},
 pages = {101--105},
 publisher = {ACM Press},
 address = {New York, NY, USA}
 }

@ARTICLE{Whinston1997,
   author =  {Whinston, A.},
   title =   {Intelligent Agents as a Basis for Decision Support Systems},
   journal = {Decision Support Systems},
   year =    {1997},
   volume =  {20},
   number =  {1},
   pages =   {1--1},
   month =   {May}
}

% samuel 09/2009
@techreport{Whiteson+2007,
  author       = {Whiteson, Shimon and Taylor, Matthew E. and Stone, Peter},
  title	       = {Adaptive Tile Coding for Value Function Approximation},
  institution  = {University of Texas at Austin},
  number       = {AI-TR-07-339},
  year	       = {2007}
}

%ana set 2006, at. denise 08/2008
@inproceedings{Wiering2000,
   author =    {Marco Wiering},
   title =     {Multi-Agent Reinforcement Learning for Traffic Light Control},
   booktitle = {Proceedings of the Seventeenth International Conference on Machine Learning ({ICML} 2000)},
   year =      {2000},
   location =  {Stanford},
   pages =     {1151--1158},
   bibsource = {DBLP, http://dblp.uni-trier.de}
}

@INPROCEEDINGS{Wild1992,
   author =    {Wild, B.},
   title =     {{SAPPORO} - Toward an intelligent Traffic Management System},
   booktitle = {Internationl Conference on Artificial Intelligence Applications in Transportation Engineering},
   year =      {1992},
   address =   {California}
}

%Daniel 05/09
@INPROCEEDINGS{Willis+2000,
 AUTHOR =       {A. Willis and R. Kukla and J. Hine and J. M. Kerridge},
 TITLE =        {Developing the Behavioural Rules for an Agent-based Model of Pedestrian Movement},
 BOOKTITLE =    {Proceedings of the European Transport Conference},
 YEAR =         {2000},
 pages =        {69-80},
}

@BOOK{Wilson2000,
   author =    {Wilson, E. O.},
   title =     {Sociobiology: The New Synthesis},
   year =      {2000},
   publisher = {Harvard Univ Press}
}

% ana jan 11
@article{Wilson1995,
	author = {Wilson, Stewart W.},
	title = {Classifier fitness based on accuracy},
	journal = {Evol. Comput.},
	volume = {3},
	issue = {2},
	month = {June},
	year = {1995},
	issn = {1063-6560},
	pages = {189--175},
	numpages= {27},
	optdoi = {http://dx.doi.org/10.1162/evco.1995.3.2.149},
	publisher = {MIT Press},
	address = {Cambridge, MA, USA},
	optkeywords = {Classifier systems, accuracy, fitness, generalization, mapping, niche genetic algorithm, restricted mating, strength}
}

@BOOK{Winograd&Flores1986,
   author =    {Winograd, T. and Flores, F.},
   title =     {Understanding Computers and Cognition},
   publisher = {Addison-Wesley},
   year =      {1986}
}

%Daniela 05/2007
@book{Witold2005,
   author =    {Witold, P},
   publisher = {Wiley-Interscience},
   title =     {Knowledge-Based Clustering: From Data to Information Granules},
   address =   {Hoboken, NJ},
   pages =     {336},
   year =      {2005}
}

%ana set.05
@InProceedings{Witteveen+2005,
   author =   {Cees Witteveen and Nico Roos and Roman van der Krogt and Mathijs de Weerdt},
   title =    {Diagnosis of Single and Multi-Agent Plans},
   booktitle = aamas05,
   pages =    {805--812},
   year =     {2005},
   editor =   {Frank Dignum and Virginia Dignum and Sven Koenig and Sarit Kraus and Munindar P. Singh and Michael Wooldridge},
   volume =   {II},
   address =  {New York, NY},
   month =    {July},
   publisher = acm
}

%Daniel 03-09
@inproceedings{Wolfe+2008,
author = {Wolfe, Shawn R. and Sierhuis, Maarten and Jarvis, Peter A.},
title = {To BDI, or not to BDI: design choices in an agent-based traffic flow management simulation},
booktitle = {Proceedings of the 2008 Spring simulation multiconference},
year = {2008},
isbn = {1-56555-319-5},
pages = {63--70},
location = {Ottawa, Canada},
doi = {http://doi.acm.org/10.1145/1400549.1400558},
publisher = {ACM},
address = {New York, NY, USA},
}

%Daniel 05-09
@INCOLLECTION{Wolfe+2009,
 AUTHOR =       {Shawn R. Wolfe and Peter A. Jarvis and Francis Y. Enomoto and Maarten Sierhuis and {Bart-Jan} van Putten and Kapil S. Sheth},
 TITLE =        {A Multiagent Simulation of Collaborative Air Traffic Flow Management},
 BOOKTITLE =    {Multi-Agent Systems for Traffic and Transportation Engineering},
 PUBLISHER =    {IGI Global},
 address =      {Hershey, US},
 YEAR =         {2009},
 editor =       {A. L. Bazzan and F. Kl{\"u}gl},
 pages = {291--306},
 isbn = {978-1-60566-226-8}
}

% TOYAMA
@Book{Wolfram1986,
   title =      {Theory and Applications of Cellular Automata},
   year =       {1986},
   editor =     {S. Wolfram},
   publisher =  {World Scientific},
   address =    {Singapore},
   ISBN =       {9971-50-123-6}
}

% TOYAMA 06/2005
@book{Wolfram1994,
   author =    {Wolfram, Stephen},
   title =     {Cellular automata and complexity},
   year =      {1994},
   publisher = {Addison-Wesley}
}

% ana fev. 11
@article{wolpert+2000,
     author = {D. H. Wolpert and K. Wheeler and K. Tumer},
     title = {Collective Intelligence for Control of Distributed Dynamical Systems},
     journal={Europhysics Letters},
     volume = {49},
     number = {6},
     month = {March},
     year = {2000}
}

@INPROCEEDINGS{Wooldridge&Jennings1994,
   author =    {Wooldridge, M. J. and Jennings, N. R.},
   title =     {Agent Theories, Architectures, and Languages: A Survey},
   booktitle = {Proceedings of the Workshop on Agent Theories, Architectures, and Languages},
   year =      {1994},
   editor =    {Wooldridge, M. J. and Jennings, N. R.},
   pages =     {1--39},
   publisher = {Springer-Verlag},
   address =   {Berlin},
   series =    {Lecture Notes in Artificial Intelligence},
   volume =    {890}
}

@ARTICLE{Wooldrige&Jennings1995,
   author =  {Wooldrige, M. and Jennings, N.},
   title  =  {Intelligent Agents: Theory and Practice},
   journal = {Knowledge Engineering Review},
   year =    {1995},
   volume =  {10},
   number =  {2},
   pages =   {115--152}
}

@BOOK{Wooldridge2002,
   author =    {Wooldridge, M. J.},
   title =     {An Introduction to Multiagent Systems},
   publisher = {John Wiley \& Sons},
   year =      {2002},
   address =   {Chichester}
}

% ana abril 10
@BOOK{Wooldridge2009,
  author =    {Wooldridge, M. J.},
  title =     {An Introduction to MultiAgent Systems},
  publisher = {John Wiley \& Sons},
  year =      {2009},
  address =   {Chichester},
  note =      {Second edition},
  pages =     461,
} 

%ana out 2006
@article{Wotawa2001,
   author =  {Franz Wotawa},
   title =   {A variant of {R}eiter's hitting-set algorithm},
   journal = {Inf. Process. Lett.},
   volume =  {79},
   number =  {1},
   year =    {2001},
   pages =   {45--51}
}

% fabiana - 02/06/2008
@article{Wu+2006,
 author = {Shumin Wu and Hamada Ghenniwa and Yue Zhang and Weiming Shen},
 title = {Personal assistant agents for collaborative design environments},
 journal = {Comput. Ind.},
 volume = {57},
 number = {8},
 year = {2006},
 issn = {0166-3615},
 pages = {732--739},
 publisher = {Elsevier Science Publishers B. V.},
 address = {Amsterdam, The Netherlands, The Netherlands},
}

@ARTICLE{Wurman+1998,
   author =  {Wurman, P. R. and Walsh, W. E. and Wellman, M. P.},
   title =   {Flexible Double Auctions for Electronic Commerce: Theory and Implementation},
   journal = {Decision Support Systems},
   year =    {1998},
   volume =  {24},
   pages =   {17--27}
}

%paulo ferreira maio 2008
@InProceedings{Wu&Durfee2007,
   author =    {Jianhui Wu and Edmund H. Durfee},
   title =     {olving Large TAEMS Problems Efficiently by Selective Exploration and Decomposition},
   year =      {2007},
   booktitle = {Proceedings of the 6th International Joint Conference on Autonomous Agents And Multiagent Systems {(AAMAS 2007)}},
   month =     {May},
   pages =     {191--199},
   editors =   {Michael Huhns and Onn Shehory},
   location =  {Honolulu, Havaii}
}

% ana ago / 09
@Article{Wu+2009,
author = {Te Wu and Feng Fu and Long Wang},
title = {Partner selections in public goods games with constant group size},
journal = {Physical Review E},
year = {2009},
volume = {80},
number = {2},
OPTpages = {},
month = {August}
}

% Monireh - 07/2011
@InProceedings{Wu2009,
  author =       {Wu, W. and Haifei, G. and An, J.},
  title =        {A Multi-agent Traffic Signal Control System Using Reinforcement Learnig},
  booktitle =    {Proc. Fifth International Conference on Natural Computation},
  publisher =    {IEEE},
  year =         {2009},
  pages =        {553-557},
}

% Monireh - 07/2011
@InProceedings{Xinhai2009,
  author =       {Xinhai, X. and Lunhui, X.},
  title =        {Traffic Signal Control Agent Interaction Model based on Game Theory and Reinforcement Learning},
  booktitle =    {Proc. 2009 International Forum on Computer Science-Technology and Applications},
  publisher =    {IEEE},
  year =         {2009},
  pages =        {164-168},
}

%Fernando 29/10/2007
@inproceedings{Xu+2005,
   author =    {Yang Xu and Paul Scerri and Bin Yu and Steven Okamoto and Michael Lewis and Katia Sycara},
   title =     {An integrated token-based algorithm for scalable coordination},
   booktitle = {Proc. of the Fourth International Joint Conference on Autonomous Agents and Multiagent Systems {(AAMAS 2005)}},
   year =      {2005},
   pages =     {407--414},
   location =  {Utrecht, The Netherlands},
   publisher = {ACM Press},
   address =   {New York, USA}
}

%Fernando, 01/10/2008
@inproceedings{Xu+2006,
   author =    {Yang Xu and Paul Scerri and Katia Sycara and Michael Lewis},
   title =     {Comparing market and token-based coordination},
   booktitle = {Proc. of the Fifth International Joint Conference on Autonomous Agents and Multiagent Systems {(AAMAS 2006)}},
   year =      {2006},
   pages =     {1113--1115},
   location =  {Hakodate, Japan},
   publisher = {ACM},
   address =   {New York, NY, USA}
}

@article{Xu+2007,
  author = {Rui Xu and Donald C. Wunsch and Ronald L. Frank},
  title = {Inference of Genetic Regulatory Networks with Recurrent Neural Network Models Using Particle Swarm Optimization},
  journal = {IEEE/ACM Transactions on Computational Biology and Bioinformatics},
  year = {2007},
  volume = {4},
  number = {4},
  pages = {681--692},
}  


% ana set. 2008
@article{Xuan+2000,
 author    = {Ping Xuan and Victor Lesser and Shlomo Zilberstein},
 title     = {Communication in Multi-agent {Markov} Decision
              Processes},
 journal   = {Proceedings of the Fourth International Conference
              on MultiAgent Systems (ICMAS-00), Poster Session},
 month     = {July},
 year      = {2000},
 url       = {http://mas.cs.umass.edu/paper/202},
} 

%daniel 05-09
@INCOLLECTION{Yamashita+2004,
 AUTHOR =       {T. Yamashita and K. Izumi and K. Kurumatani},
 TITLE =        {Analysis of the Effect of Route Information Sharing on Reduction of Traffic Congestion},
 BOOKTITLE =    {Application of Agent Technology in Traffic and Transportation},
 PUBLISHER =    {Birkh{\"a}user},
 YEAR =         {2004},
 editor =       {F. Kl{\"u}gl and A. L. C. Bazzan and S. Ossowski},
 pages =        {99-112},
}

%Daniel 03-09
@InCollection{Yamashita&Kurumatani2009,
author = {Tomohisa Yamashita and Koichi Kurumatani},
editor = {Bazzan, A. L. C. and Kl\"ugl, F. },
 booktitle = {Multi-Agent Systems for Traffic and Transportation},
title = {New Approach to Smooth Traffic Flow with Route information sharing},
publisher = {IGI Global},
year = {2009},
pages = {291--306},
OPTissn = {}
}

%ana mar 2011
@InProceedings{Yang+2010,
author={Yang Yang and Xu Li and Wei Shu and Min-You Wu},
title = {Quality Evaluation of Vehicle Navigation with {CPS}},
booktitle = {{GLOBECOM}~'10: Proceedings of the {IEEE} Global Communications Conference},
year = {2010}
}

@ARTICLE{Yang&Bell1998,
   author =  {Yang, H. and Bell, M. G. H.},
   title =   {A capacity paradox in network design and how to avoid it},
   journal = tra,
   year =    {1998},
   volume =  {32},
   number =  {7},
   pages =   {539--545}
}

%Daniela 05/2007
@inproceedings{Yang&Kamel2003,
   author =    {Yang, Y. and Kamel, M.},
   title =     {Clustering ensemble using swarm intelligence},
   booktitle = {Proceedings of the Swarm Intelligence Symposium (SIS 03)},
   year =      {2003},
   pages =     {65--71},
   month =     {April},
   address =   {Indianapolis, USA}
}

% Monireh - 07/2011
@InProceedings{Yang2005,
  author =       {Yang, Z.S. and Chen, X. and Tang, Y.S. and Sun, J.P.},
  title =        {Intelligent Cooperation Control of Urban Traffic Networks},
  booktitle =    {Proc. Fourth International Conference on Machine Learning and Cybernetics},
  publisher =    {IEEE},
  address =      {Guangzhou, China},
  year =         {2005},
  pages =        {1482-1486},
}

%Daniela 05/2007
@article{Yang&Kamel2006,
   author =    {Yang, Y. and Kamel, M.},
   title =     {An aggregated clustering approach using multi-ant colonies algorithms},
   journal =   {Pattern Recongnition},
   year =      {2006},
   volume =    {39},
   number =    {7},
   pages =     {1278--1289},
   publisher = {Elsevier Science},
   address =   {New York, NY, USA}
}

% Monireh - 07/2011
@InProceedings{Yaping2011,
  author =       {Yaping, W. and Zheng Z.},
  title =        {A Method of Reinforcement Learning Based Automatic Traffic Signal Control},
  booktitle =    {Proc. Third International Conference on Measuring Technology and Mechatronics Automation},
  publisher =    {IEEE},
  year =         {2011},
  pages =        {119-122},
}

 
% Fernando 08/11/2007
@inproceedings{Yeoh+2007IDB,
   author =    {William Yeoh and Ariel Felner and Sven Koenig},
   title =     {{IDB-ADOPT}: A Depth-First Search {DCOP} Algorithm},
   booktitle = {Proceedings of the Eighth International Workshop on Distributed Constraint Reasoning {(DCR)} - 20th International Joint Conference on Artificial Intelligence {(IJCAI-07)}},
   year =      {2007},
   editor =    {Adrian Petcu},
   location =  {Hyderabad, India},
   pages =     {60--70}
}

% Fernando 08/11/2007
@InProceedings{Yeoh+2007BNB,
   author =    {William Yeoh and Ariel Felner and Sven Koenig},
   title =     {{BnB-ADOPT}: An Asynchronous Branch-and-Bound {DCOP} Algorithm},
   year =      {2007},
   booktitle = {Proceedings of the Ninth International Workshop on Distributed
   Constraint Reasoning {(DCR2007)} - 13th International Conference on
   Principles and Practice of Constraint Programming {(CP2007)}},
   editor =    {Jonathan P. Pearce},
   location =  {Providence, Rhode Island, USA}
}

%Daniela 02/2009
@article{Yeoh+2002,
   author = {Eng-Juh Yeoh and Mary E. Ross and Sheila A. Shurtleff and W. Kent Williams and Divyen Patel and Rami Mahfouz and Fred G. Behm and Susana C. Raimondi and Mary V. Relling and Anami Patel and Cheng Cheng and Dario Campana and Dawn Wilkins and Xiaodong Zhou and Jinyan Li and Huiqing Liu and Ching-Hon Pui and William E. Evans and Clayton Naeve and Limsoon Wong and James R. Downing},
   title = {Classification, subtype discovery, and prediction of outcome in pediatric acute lymphoblastic leukemia by gene expression profiling},
   journal = {Cancer Cell},
   volume = {1},
   number = {2},
   pages = {133--143},
   year = {2002}
}

% Samuel 05/11/2008
@misc{Yikun+2008,
author = {Yikun, T. and Wang, Y. and Zhong, S. and Zhang, J. and Wentong, L. and Baoping, H},
title = {Robocup Rescue 2008 Repository - {ZJUBase} team},
month = {July},
year = {2008},
url = {https://roborescue.svn.sourceforge.net/svnroot/roborescue/robocup2008data/SourceCodes/finals.zip}
}

% Fernando  21/01/2008
@TECHREPORT{Yokoo&Durfee1991,
   author =      {Yokoo, M. and Durfee, E. H.},
   title  =      {Distributed constraint optimization as a formal model of partially adversarial cooperation},
   institution = {University of Michigan},
   year =        {1991},
   number =      {CSE-TR-101-91},
   address =     {Ann Arbor, MI 48109}
}

@inproceedings{Yokoo+1992,
   title =     {Distributed Constraint Satisfaction for Formalizing Distributed Problem Solving},
   author =    {Yokoo, M. and Durfee, E. H. and Ishida, T. and Kuwabara, K.},
   booktitle = {Proceedings of the 12th International Conference on Distributed Computing Systems},
   year =      {1992},
   pages =     {614--621},
   location =  {Yokohama, Japan}
}

%Fernando (a pedido da prof. Bazzan) por Robert, 21/01/2008
@INPROCEEDINGS{Yokoo&Hirayama1998,
   author =    {Yokoo, Makoto. and Hirayama, K.},
   title  =    {Distributed Constraint Satisfaction Algorithm for Complex Local Problems},
   booktitle = {Proceedings of the Third International Conference on Multiagent Systems {(ICMAS'98)}},
   year =      {1998},
   pages =     {372--379},
   publisher = {IEEE Computer Society},
   location =  {Washington, DC, USA}
}

@ARTICLE{Yokoo+1998,
   author =  {Yokoo, M. and Durfee, E. H. and Ishida, T. and Kuwabara, K.},
   title =   {The Distributed Constraint Satisfaction Problem: Formalization and Algorithms},
   journal = {IEEE Transactions on Knowledge and Data Engineering},
   volume =  {10},
   number =  {5},
   pages =   {673--685},
   year =    {1998}
}

% Fernando 15/08/2007
@book{Yokoo2001,
   author =    {Makoto Yokoo},
   title =     {Distributed Constraint Satisfaction: Foundations of Cooperation in Multi-agent Systems},
   year =      {2001},
   address =   {Berlin},
   publisher = {Springer},
   pages =     {143}
}

@ARTICLE{Young1993,
   author =  {Young, P. H.},
   title =   {The Evolution of Conventions},
   journal = {Econometrica},
   year =    {1993},
   volume =  {61},
   pages =   {57--84}
}

%denise 04/2007
@ARTICLE{Young2007,
  author =   {H. Peyton Young},
  title =    {The possible and the impossible in multi-agent learning},
  journal =  {Artificial Intelligence},
  year =     {2007},
  volume =   {171},
  pages =    {429--433},
  number =   {7},
  month =    {May},
  address =  {Essex, UK},
  publisher ={Elsevier Science},
  editor =   {Rakesh Vohra and Michael Wellman}
}

%mariana junho/2011
@article{Yu+2004,
  author = {J. Yu and V. A. Smith and P. P. Wang and A. J. Hartemink and E. D. Jarvis},
  title = {Advances to Bayesian network inference for generating causal networks from obervational biological data},
  journal = {Bioinformatics},
  volume = {20},
  number = {18},
  pages = {3594--3603},
  publisher = {Oxford University Press},
  year = {2004},
}

%denise 04/2008
@ARTICLE{Yu&Recker2006,
   author =  {X.-H. Yu and W.W. Recker},
   title =   {Stochastic adaptive control model for traffic signal systems},
   journal = {Transportation Research Part C: Emerging Technologies},
   year =    {2006},
   volume =  {14},
   pages =   {263--282},
   number =  {4},
   month =   {August}
}

%mariana junho/2011
@book{Zaha+2003,
  author = {Arnaldo Zaha and Augusto Schrank and \'Elgion L\'ucio da Silva Loreto and Henrique B. Ferreira and Irene S. Schrank and Jaqueline J. S. Rodrigues and Luciana P. Regner and Luciane M. P. Passaglia and Maria Lucia R. Rossetti and Marilene H. Vainstein and S\'ergio C. da Silva and Vera L\'ucia da Silva V. Gaiesky},
  title = {Biologia Molecular B\'asica},
  edition = {3},
  year = {2003},
  publisher = {Editora Mercado Aberto},
  address = {Porto Alegre - RS},
}


% Fabiana - 17/11/05
@inproceedings{Zambonelli+2001,
   author =    {F. Zambonelli and N. R. Jennings and A. Omicini and M. Wooldridge},
   title =     {Agent-Oriented Software Engineering for Internet Applications},
   booktitle = {Coordination of Internet Agents},
   publisher = {Springer-Verlag},
   year =      {2001},
   editor =    {A. Omicini and F. Zambonelli and M. Klusch and R. Tolksdorf},
   pages =     {326--346}
}

% Fabiana - 17/11/05
@article{Zeng&Sycara1998,
   author =  {Zeng, D and Sycara, Katia},
   title =   {Bayesian Learning in Negotiation},
   journal = {International Journal of Human Computer Systems},
   year =    {1998},
   volume =  {48},
   pages =   {124--141}
}

% ana mai 11
@article{Zhan&Noon1998,
author = {F. Benjamin Zhan and Charles E. Noon},
title = {Shortest Path Algorithms: An Evaluation Using Real Road Networks},
journal = {Transportation Science},
volume = {32},
year = {1998},
pages = {65--73},
doi = {10.1287/trsc.32.1.65}
}

% paulo ferreira - jun 2007
@inproceedings{Zhang&Wittenburg2002,
 author = {W. Zhang and L. Wittenburg},
 title = {Distributed Breakout Revisited},
 booktitle = {Eighteenth National Conference on Artificial Intelligence},
 year = {2002},
 isbn = {0-262-51129-0},
 pages = {352--357},
 location = {Edmonton, Alberta, Canada},
 publisher = {American Association for Artificial Intelligence},
 address = {Menlo Park, CA, USA},
 editor = {Rina Dechter and Michael Kearns and Rich Sutton}
}

% TOYAMA
@ARTICLE{Zhang+2003,
   author =  {Zhang, J. and Wang, H. and Li, P.},
   title =   {Cellular automata modeling of pedestrian's crossing dynamics},
   journal = {Journal of Zhejiang University Science},
   year =    {2003},
   volume =  {5},
   pages =   {835--840}
}

%Daniel 05/09
@ARTICLE{Zhang&Levinson2003,
 AUTHOR =       {L Zhang and D. Levinson},
 TITLE =        {Agent-Based Approach to Travel Demand Modeling},
 JOURNAL =      {Journal of the Transportation Reserach Board},
 YEAR =         {2004},
 volume =       {1898},
 pages =        {28-36},
}

% Denise - coloquei o publisher e address - 07/2008
% Fabiana - 18/10/2005
@Article{Zhang+2005,
  author =  {Zhang, X. and Lesser, V. and Podorozhny, R.},
  title =   {Multi-Dimensional, Multistep Negotiation for task allocation in a cooperative system},
  journal = {Autonomous Agents and Multi-Agent Systems},
  volume =  {10},
  number =  {1},
  pages =   {5-40},
  publisher={Kluwer Academic Publishers},
  address = {Hingham, MA, USA},
  year =    {2005}
}

%Denise - 07/2008
@ARTICLE{Zhang+2005JAAMAS,
  author =  {Xiaoqin Zhang and Victor Lesser and Sherief Abdallah},
  title =   {Efficient Management of Multi-Linked Negotiation Based on a Formalized Model},
  journal = {Autonomous Agents and Multi-Agent Systems},
  year =    {2005},
  volume =  {10},
  pages =   {165--205},
  number =  {2},
  address = {Hingham, MA, USA},
  doi =     {http://dx.doi.org/10.1007/s10458-004-6978-6},
  issn =    {1387-2532},
  publisher={Kluwer Academic Publishers}
}

% ana set. 2008
@inproceedings{Zhang+2008,
 author    = {Chongjie Zhang and
             Sherief Abdallah and
             Victor R. Lesser},
 title     = {Efficient multi-agent reinforcement learning through automated
             supervision (extended abstract)},
 booktitle = {Proceedings of the 7th International Joint Conference on Autonomous Agents
             and Multiagent Systems},
 volume = 3,
 editor = aamas08eds,
 address = {Estoril},
 year      = {2008},
 pages     = {1365-1368}
}

% ana por fabiana agosto 11
@ARTICLE{Zhang+2008ijiids,
  author = {Zhang, D. and Simoff, S. and Aciar, S. and Debenham, J.},
  title = {A multi agent recommender system that utilises consumer reviews in its recommendations},
  journal = {International Journal of Intelligent Information and Database Systems},
  year = {2008},
  volume = {2},
  pages = {69--81},
  number = {1}
}

%denise 03/2009
@INPROCEEDINGS{Zhang+2009,
  author = {Chongjie Zhang and Sherief Abdallah and Victor Lesser},
  title = {Integrating Organizational Control into Multi-Agent Learning},
  booktitle = {Proceedings of the 8th International Conference on Autonomous Agents and Multiagent Systems (AAMAS)},
  year = {2009},
  editor = {Jaime Sim\~ao Sichman and Keith S. Decker and Carles Sierra and Cristiano Castelfranchi},
  address = {Budapest, Hungary},
  url = {http://mas.cs.umass.edu/paper/465}
}

@inproceedings{Zhang+2009ijcai,
  author    = {Chongjie Zhang and Victor Lesser and Prashant Shenoy},
  title     = {A Multi-Agent Learning Approach to Online
               Distributed Resource Allocation},
  booktitle = {Proceedings of Twenty-First International Joint
               Conference on Artificial Intelligence (IJCAI-09)},
  volume    = 1,
  pages     = {361--366},
  year      = 2009,
  address   = {Pasadena, CA}
}

% ana jul 10 (por Vinicius)
@article{Zhang+2010,
title = {An artificial bee colony approach for clustering},
journal = {Expert Systems with Applications},
volume = {37},
number = {7},
pages = {4761 -- 4767},
year = {2010},
issn = {0957-4174},
doi = {DOI: 10.1016/j.eswa.2009.11.003},
url = {http://www.sciencedirect.com/science/article/B6V03-4XNN5DW-3/2/a6dd135e62a34b530194b56a07496cc3},
author = {Changsheng Zhang and Dantong Ouyang and Jiaxu Ning}
}

%Daniela 05/2007
@inproceedings{Zhao&Karypis2002,
   author =      {Zhao, Y. and Karypis, G.},
   title =       {Evaluation of Hierarchical Clustering Algorithms for Document Datasets},
   booktitle =   {CIKM '02: Proceedings of the eleventh international conference on Information and knowledge management},
   institution = {University of Minnesota},
   pages =       {515--524},
   year =        {2002},
   publisher =   {ACM Press},
   address =     {New York, NY, USA}
}

%mariana março 2011
@incollection{Zhao+2006,
  author = {Zhao, Wentao and  Erchin, Serpedin and Dougherty, Edward R.},
  title = {Inferring gene regulatory networks from time series data using the minimum description length principle },
  booktitle = {Bioinformatics},
  year = {2006},
  volume = {22},
  pages = {2129--2135}
}

@INPROCEEDINGS{Zlotkin&Rosenschein1989,
   author =    {Zlotkin, G. and Rosenschein, J. S.},
   title =     {Negotiation and Task Sharing Among Autonomous Agents in Cooperative Domains},
   year =      {1989},
   booktitle = {Proceedings of the Eleventh Internation Joint Conference on Artificial Intelligence}
}

@INPROCEEDINGS{Zlotkin&Rosenschein1990),
   author =    {Zlotkin, G. and Rosenschein, J. S.},
   title =     {Negotiation and Conflict Resolution in Non-Cooperative Domains},
   booktitle = {Proceedings of the Eighth Conference on Artificial Intelligence},
   year =      {1990}
}

@ARTICLE{Zlotkin&Rosenschein1991,
   author =  {Zlotkin, G. and Rosenschein, J. S.},
   title =   {Cooperation and Conflict Resolution via Negotiation Among Autonomous in Non-Cooperative Domains},
   journal = {IEEE Trans. on Systems},
   year =    {1991},
   volume =  {21},
   number =  {6},
   pages =   {1317--1324}
}

@INPROCEEDINGS{Zlotkin&Rosenschein1993,
   author =    {Zlotkin, G. and Rosenschein, J. S.},
   title =     {A Domain Theory for Task Oriented Negotiation},
   booktitle = {Proceeding of the Thirteenth International Joint Conference on Artificial Intelligence},
   year =      {1993}
}

% ana jan. 07
@inproceedings{Zlotkin&Rosenschein1994,
   author    = {Gilad Zlotkin and Jeffrey S. Rosenschein},
   title     = {Coalition, Cryptography, and Stability: Mechanisms for Coalition Formation in Task Oriented Domains},
   booktitle = {AAAI},
   year      = {1994},
   pages     = {432--437}
}

@ARTICLE{Zlotkin&Rosenschein1996a,
   author =  {Zlotkin, G. and Rosenschein, J. S.},
   title =   {Compromise in negotiations: explaining worth functions over states},
   journal = {Artificial Intelligence},
   year =    {1996},
   volume =  {84},
   number =  {1--2},
   pages =   {151--176}
}

@ARTICLE{Zlotkin&Rosenschein1996b,
   author =  {Zlotkin, G. and Rosenschein, J. S.},
   title =   {Mechanism Design for Automated Negotiation, and its Applications to Task Oriented Domains},
   journal = {Artificial Intelligence},
   year =    {1996},
   volume =  {86},
   number =  {2},
   pages =   {195--244}
}

@ARTICLE{Zlotkin&Rosenschein1996c,
   author =  {Zlotkin, G. and Rosenschein, J. S.},
   title =   {Mechanisms for Automated Negotiation in State Oriented Domains},
   journal = {Journal of  Artificial Intelligence Research},
   year =    {1996},
   volume =  {5},
   pages =   {163--238}
}

% paulo ferreira - maio 2008
@article{Zoethout+2008,
 author = {Kees Zoethout and Wander Jager and Eric Molleman},
 title = {Task dynamics in self-organising task groups: expertise, motivational, and performance differences of specialists and generalists},
 journal = {Autonomous Agents and Multi-Agent Systems},
 volume = {16},
 number = {1},
 year = {2008},
 issn = {1387-2532},
 pages = {75--94},
 publisher = {Kluwer Academic Publishers},
 address = {Hingham, MA, USA}
}

@ARTICLE{Zozaya-Goristiza&Hendrickson1987,
   author =  {Zozaya-Goristiza, C. and Hendrickson, C.},
   title =   {Expert Systems for Traffic Signal Setting Assistance},
   journal = {Journal of Transport. Engineering},
   year =    {1987},
   volume =  {2},
   pages =   {113}
}

